2170 3210
447 161 509 197 172

1084 291 1158 336 Nr·
1191 306 1260 349 49·
1292 291 1437 351 (145·)

587 374 730 431 Bechy
760 374 944 430 impetiit
976 373 1027 418 de
1061 374 1159 418 villa
1190 375 1318 418 Zuat¹
1351 386 1585 418 castrenses
1617 390 1696 432 pro
1718 374 1875 420 duabus
1907 376 2072 429 marcis,

442 445 580 489 iudice
620 445 778 498 Beken,
810 446 956 490 curiali
987 447 1146 490 comite
1178 445 1230 490 de
1263 446 1378 502 Clus.
1411 445 1614 503 pristaldo
1652 447 1796 491 Petro.
1827 445 2071 491 Praedictae

444 527 589 560 autem
610 527 750 574 partes
784 517 986 561 Varadini
1019 517 1159 561 taliter
1182 528 1488 570 conuenerunt,
1510 517 1626 576 quod
1657 529 1892 562 castrenses
1923 516 2072 562 darent

444 587 588 645 Bechy
610 589 784 646 triginta
804 599 847 632 et
872 599 1052 647 quatuor
1075 588 1263 645 pondera
1287 600 1328 631 et
1346 588 1501 633 iidem2
1525 588 1727 646 pristaldo
1750 588 2074 640 satisfacerent,³

445 674 524 717 pro
556 671 675 716 parte
709 671 851 703 autem
883 658 1031 703 iudicis
1064 659 1209 717 Bechy
1241 670 1468 704 teneretur.

1086 801 1161 845 Nr.
1198 815 1260 858 50.
1295 801 1440 861 (146.)

586 885 740 942 Hegun
764 883 816 927 de
838 883 937 927 villa
955 883 1164 927 Sorloud4
1193 884 1374 941 impetiit
1395 899 1546 927 omnes
1577 884 1759 928 villanos
1791 883 1843 928 de
1876 883 2075 938 Tuluold,

443 956 600 1008 dicens,
631 955 759 1014 quod,
794 955 893 999 dum
926 955 1133 1014 quosdam
1169 956 1420 1009 violentos,⁵
1440 956 1604 1014 fugiens
1628 955 1681 1000 ad
1701 970 1777 1000 eos
1801 954 2076 1012 confugisset,

443 1028 526 1085 ipsi
558 1042 708 1071 omnes
742 1027 851 1070 ostia
884 1042 957 1070 sua
989 1026 1244 1080 claudentes,
1275 1042 1374 1071 eum
1405 1027 1604 1071 violentis
1636 1026 1903 1084 spoliandum
1925 1023 2072 1070 exclu'-

446 1099 612 1152 sissent,
644 1109 687 1142 et
718 1098 815 1151 illis,
847 1098 1030 1155 spoliato
1063 1099 1169 1155 ipso,
1201 1097 1509 1151 recedentibus,
1540 1098 1685 1142 valens
1718 1109 1804 1142 tres
1825 1113 1985 1142 marcas
2016 1097 2077 1140 eis

445 1170 744 1221 commisisset,
781 1169 916 1213 iudice
948 1169 1185 1223 Nuechlen,
1217 1170 1358 1214 curiali
1390 1170 1546 1215 comite
1579 1169 1631 1214 de
1664 1168 1835 1222 Zarand,
1877 1168 2077 1227 pristaldo

446 1241 690 1286 Benedicto.
723 1240 878 1298 Hegun
899 1241 1040 1299 itaque
1064 1256 1174 1289 cum,
1194 1252 1367 1297 portato
1391 1240 1593 1284 Varadini
1613 1240 1742 1292 ferro,
1763 1240 1872 1284 solvi
1894 1239 2078 1292 deberet,

446 1312 639 1355 canonici
670 1327 845 1355 manum
878 1313 966 1355 eius
998 1327 1087 1355 non
1118 1312 1407 1369 inspexerunt,
1440 1313 1537 1370 quia
1574 1311 1756 1369 sigillum
1797 1326 1885 1355 non
1928 1325 2077 1354 sanum

443 1395 712 1428 invenerunt.

1088 1478 1162 1522 Nr.
1201 1492 1263 1534 51.
1297 1478 1429 1535 (147.)

584 1561 786 1605 Universi
819 1573 1054 1605 castrenses
1085 1560 1137 1605 de
1170 1561 1355 1605 Cornust
1387 1561 1658 1618 impetierunt
1689 1560 1867 1604 villanos
1902 1559 1953 1604 de
1971 1559 2077 1603 Sob⁶

444 1647 523 1689 pro
556 1632 800 1676 concivibus
833 1633 917 1676 suis
962 1648 1108 1676 coram
1149 1632 1272 1684 Mica,
1315 1632 1577 1676 Bichoriensi
1620 1631 1789 1677 comite.
1831 1630 1893 1674 Illi
1936 1641 2077 1675 autem

446 1703 655 1755 dixerunt,
699 1719 744 1747 se
789 1703 1037 1761 iobagiones
1084 1718 1175 1747 esse
1221 1719 1243 1746 a
1287 1703 1574 1761 generatione,
1619 1702 1689 1761 qui
1732 1701 1916 1746 scilicet:
1960 1701 2079 1745 liberi

445 1774 588 1818 Sancti
618 1774 747 1832 Regis
780 1774 986 1826 dicuntur,
1018 1786 1061 1819 et
1092 1776 1286 1832 semper⁷
1318 1775 1400 1819 hoc
1432 1786 1714 1825 asseruerunt,
1743 1788 1789 1817 se
1822 1773 1919 1817 alias
1951 1773 2078 1817 etiam

445 1844 696 1889 iustificatos
729 1861 821 1890 esse
855 1858 1003 1890 contra
1034 1846 1256 1890 universos
1285 1857 1520 1890 castrenses
1541 1845 1592 1889 de
1615 1845 1910 1889 centurionatu
1932 1843 2080 1901 Sapuri

445 1927 544 1960 ante
577 1916 770 1969 Siculam,
801 1917 1001 1961 curialem
1033 1919 1237 1961 comitem
1269 1917 1320 1961 de
1355 1917 1521 1969 Bichor,
1560 1926 1787 1973 praecepto
1817 1916 1919 1959 item
1964 1915 2079 1971 Micg

446 1987 614 2032 comitis
647 1999 690 2031 et
722 1988 1004 2032 aucthoritate
1036 1989 1079 2032 in
1111 1988 1260 2032 eadem
1293 2003 1415 2032 causa
1441 1988 1631 2031 functum
1667 1998 1709 2030 et
1731 1986 1886 2030 habere
1906 1986 2078 2043 pristal-

592 2118 603 2138 ¹
630 2120 736 2154 Nunc
763 2120 893 2155 Szovdt
919 2121 956 2154 in
984 2131 1079 2155 com.
1107 2120 1231 2154 Kolos.

590 2178 604 2198 ²
629 2178 671 2213 In
699 2175 753 2213 ed.
783 2180 967 2225 principe:
996 2180 1105 2214 idem.

590 2237 604 2260 ³
630 2238 672 2272 In
698 2238 752 2272 ed.
780 2239 963 2284 principe:
990 2237 1222 2273 satisfaceret.

589 2297 605 2317 ⁴
631 2297 730 2332 Olim
758 2308 869 2343 pagus
896 2308 1007 2343 prope
1035 2297 1212 2343 oppidum
1236 2297 1401 2332 Pali’ilese
1433 2297 1543 2341 (nunc
1581 2296 1735 2330 distorto
1774 2295 1925 2330 nomine
1962 2294 2080 2329 Paulis

449 2364 699 2403 nuncupatum
736 2357 773 2390 in
819 2367 913 2391 com.
952 2357 1061 2398 Arad)
1100 2356 1195 2391 haud
1230 2356 1355 2402 procul
1392 2367 1412 2390 a
1449 2357 1554 2391 metis
1592 2356 1784 2390 comitatus
1821 2353 1968 2396 Zarand,
2006 2354 2079 2388 iam

448 2416 590 2462 pridem
615 2416 803 2451 comitatui
827 2415 1017 2450 Aradiensi
1042 2415 1182 2450 adiecti.
1210 2415 1443 2449 Tabularium
1470 2414 1692 2459 regnicolare
1718 2412 1814 2459 Dipl.
1844 2411 1984 2457 36349).

591 2475 604 2495 ⁵
629 2475 670 2509 In
697 2475 859 2510 editione
886 2475 1068 2520 principe:
1096 2475 1275 2520 quosdam
1299 2474 1496 2517 violentos,
1522 2474 1617 2520 quod
1644 2474 1742 2508 dum.

594 2533 608 2553 ⁶
632 2534 787 2570 Inferius
826 2534 939 2569 «Sos»
978 2535 1142 2569 scribitur
1167 2534 1418 2580 significatque
1450 2544 1585 2579 pagum
1624 2534 1699 2574 Sas,
1738 2531 1891 2579 pleniori
1929 2531 2081 2566 nomine

448 2594 635 2628 Mezd-Sas
660 2594 699 2628 in
725 2604 819 2629 com.
859 2593 976 2627 Bihar.
1003 2593 1162 2627 Cornust
1187 2604 1219 2627 v.
1246 2593 1339 2628 infra
1367 2604 1419 2627 nr.
1446 2595 1525 2627 383.

592 2651 604 2674 ⁷
631 2652 776 2688 Rectius
803 2652 1065 2687 verisimiliter:
1093 2653 1247 2698 insuper.
