2170 3210
425 165 470 200 94

425 297 564 340 solum
596 296 714 339 annis
752 309 857 340 1221
896 308 939 340 et
976 310 1086 340 1222
1119 312 1295 341 munera
1327 309 1549 355 gesserunt
1579 297 1650 342 ille
1681 298 1812 342 veluti
1832 298 2054 356 palatinuS,

424 367 492 410 hic
523 378 666 411 autem
699 382 845 411 comes
879 367 1040 412 curialis
1072 368 1196 425 regis.
1228 368 1381 412 Statim
1412 380 1554 412 tamen
1586 368 1832 423 videbimus,
1876 380 2051 414 senten-

423 439 502 481 tias
534 454 610 496 per
642 438 758 482 Bank
789 454 901 483 anno
938 452 1046 483 1222
1080 439 1263 497 prolatas
1295 455 1319 483 a
1349 440 1517 484 notario
1562 440 1765 484 examinis
1810 441 1908 485 ferri
1947 456 2052 485 can-

423 510 540 553 denti
571 509 667 553 alibi
700 509 943 567 descriptas,
974 510 1166 569 adeoque
1210 512 1444 555 sententias
1489 512 1531 555 in
1575 523 1668 556 test.
1710 528 1771 557 nr.
1816 525 2047 570 292-——293

424 580 646 640 (48—49)
684 593 812 638 prout
856 582 983 625 etiam
1025 582 1068 625 in
1112 594 1205 626 test.
1251 597 1390 640 294-—
1402 597 1483 641 309
1529 582 1809 644 (212—227)
1852 582 2052 628 adductas

422 667 533 696 anno
572 666 677 696 1221
716 652 820 696 tulit.

563 725 623 767 Ex
656 724 904 781 magistratu
937 725 1052 768 Bank
1083 725 1162 768 rite
1186 724 1440 769 concludere
1462 740 1700 783 possumu5‚
1721 725 1944 771 fasciculos
1967 727 2050 770 hos

421 795 612 840 feruente
645 807 804 839 aestate
836 795 932 839 anni
976 809 1080 839 1221
1131 807 1280 841 enatos
1325 811 1432 850 esse,
1473 812 1570 842 nam
1614 797 1735 840 initio
1776 797 1874 841 anni
1914 797 2051 851 huius,

421 867 689 911 documentis
721 866 1012 920 indicantibus,
1043 866 1181 924 Gyula
1214 867 1342 911 Ratot
1363 883 1517 911 munus
1538 868 1700 912 curialis
1723 868 1892 913 comitis
1913 868 2049 913 adhuc

420 939 627 984 sustinuit.
672 937 916 982 Concordat
960 938 1057 982 huic
1103 938 1415 982 ratiocinationi
1459 940 1586 983 etiam
1631 939 1718 983 dies
1762 940 1805 983 in
1848 952 1942 984 test.
1988 956 2046 985 nr.

422 1024 503 1069 293
560 1009 658 1069 (49)
711 1010 886 1067 signata,
931 1026 1036 1069 quae
1092 1021 1157 1054 est
1201 1009 1493 1055 hebdomadae
1547 1011 1797 1055 Dominicae
1846 1012 2050 1069 «Respice

419 1083 631 1126 Domine»
689 1081 847 1127 ultima.
892 1082 1020 1125 Anno
1071 1095 1177 1125 1221
1226 1082 1331 1126 haec
1373 1082 1641 1126 hebdomada
1684 1096 1796 1139 27-a
1839 1098 1894 1128 m.
1940 1083 2048 1127 Iunii

418 1153 535 1196 finita
578 1164 654 1206 est,
696 1152 889 1211 adeoque
934 1154 1018 1197 hoc
1063 1153 1356 1197 testimonium
1401 1167 1510 1210 27-a
1553 1153 1621 1197 vel
1665 1155 1775 1198 28—a
1827 1154 1894 1198 die
1939 1154 2049 1198 Iunii

417 1225 666 1281 inscriptum
697 1236 771 1269 est.
805 1224 1092 1283 Caeteroquin
1124 1236 1217 1268 test.
1251 1240 1309 1268 nr.
1357 1238 1442 1281 290
1475 1224 1586 1285 (46),
1625 1226 1667 1268 in
1714 1241 1798 1284 quo
1843 1224 2048 1269 terminus

419 1296 642 1339 solutionis
688 1309 797 1338 22-a
843 1295 930 1339 dies
973 1296 1065 1340 Iulii
1109 1296 1392 1349 constituitur,
1442 1296 1554 1340 hunc
1605 1296 1850 1340 fasciculum
1900 1311 2047 1340 mense

416 1367 536 1410 Iunio
570 1367 775 1423 scriptum
807 1382 940 1425 aeque
972 1367 1117 1413 innuit.

561 1438 735 1481 Attente
788 1438 982 1495 perlectis
1032 1453 1162 1495 porro
1217 1439 1473 1483 testimoniis
1524 1439 1679 1482 horum
1731 1438 2047 1491 fasciculorum,

416 1520 546 1566 patet,
580 1510 773 1553 examina
805 1508 905 1553 ferri
936 1509 1167 1564 candentis„
1200 1525 1382 1568 quorum
1424 1511 1560 1554 exitus
1593 1510 1658 1553 his
1702 1510 1745 1553 in
1788 1509 2045 1553 testimoniis

415 1591 650 1634 narrantur,
682 1581 1064 1638 congregationum
1097 1593 1243 1625 contra
1265 1581 1378 1625 fures
1400 1582 1443 1624 in
1463 1581 1732 1625 comitatibus
1755 1581 1873 1625 Novi
1893 1580 2048 1633 Castri,

416 1651 701 1704 Borsodiensi,
733 1651 1029 1708 Zempliniensi
1061 1664 1102 1695 et
1134 1652 1435 1697 Szabolcsiensi
1467 1652 1638 1696 ducibus
1672 1652 1789 1695 Bank
1821 1663 1865 1696 et
1901 1652 2043 1696 Bene-

417 1722 531 1766 dicto
564 1723 850 1766 institutarum
882 1723 1057 1767 effectus
1089 1739 1194 1769 esse.
1227 1724 1336 1767 Hinc
1369 1724 1609 1781 explicatur,
1633 1738 1759 1782 quare
1781 1722 1908 1767 iidem
1928 1723 2044 1766 Bank

416 1805 458 1837 et
490 1793 740 1837 Benedictus
773 1794 897 1837 simul
928 1794 1168 1853 eodemque
1201 1806 1393 1852 tempore
1427 1809 1451 1851 7
1485 1810 1628 1838 causas
1674 1793 1790 1853 (test.
1834 1809 1894 1839 nr.
1942 1807 2044 1851 294,

416 1868 515 1921 296,
560 1879 657 1921 297,
703 1866 800 1922 298,
842 1879 938 1923 300,
973 1880 1068 1923 301,
1104 1865 1208 1925 302)
1241 1877 1519 1923 cognoscunt,
1549 1865 1783 1924 iisdemque
1828 1876 2040 1909 executo-

414 1935 526 1979 ribus
566 1935 729 1995 (Miska
762 1948 804 1980 et
842 1937 1034 1994 Csaszlo)
1077 1936 1389 1995 persequendas
1435 1937 1718 1980 committunt.
1763 1936 1900 1980 Etiam
1944 1951 2043 1980 reos

414 2007 457 2050 in
489 2018 584 2050 test.
616 2023 678 2050 nr.
716 2021 848 2064 303—
865 2011 947 2066 306
980 2019 1244 2052 memoratos
1277 2008 1400 2051 simul
1431 2019 1555 2066 atque
1588 2023 1684 2051 cum
1707 2007 1861 2051 eodem
1884 2023 2041 2051 execu-

415 2090 510 2122 tore
543 2079 656 2122 misit
689 2079 804 2122 Bank
836 2095 982 2123 comes
1015 2079 1276 2123 Varadinum
1308 2079 1360 2122 ad
1390 2080 1612 2122 veritatem
1644 2078 1956 2135 explorandam.

555 2143 781 2207 Permagni
825 2151 1031 2195 momenti
1070 2167 1137 2194 res
1182 2162 1278 2194 sunt
1321 2151 1568 2207 praesertim
1613 2165 1691 2207 pro
1739 2149 2041 2207 cognoscendo

414 2219 483 2263 illa
534 2222 672 2264 aetate
725 2233 836 2265 statu
889 2223 1048 2279 patriae
1100 2234 1284 2275 nostrae,
1327 2237 1434 2279 quae
1478 2222 1521 2265 in
1563 2233 1656 2265 test.
1701 2236 1760 2265 nr.
1809 2235 2038 2279 310—322

414 2291 492 2350 (=
529 2293 784 2351 361-373)
816 2293 1000 2342 fasciculi
1032 2293 1166 2351 quinti
1197 2305 1429 2337 narrantur.
1462 2292 1655 2336 Feliciter
1686 2293 1812 2349 igitur
1846 2293 2039 2349 contigit,

413 2375 459 2406 ut
490 2364 678 2407 notarius
710 2365 751 2407 in
784 2377 877 2409 test.
914 2379 996 2422 310
1036 2365 1164 2423 (361)
1212 2381 1286 2409 seu
1328 2365 1466 2422 primo
1510 2363 1632 2406 huius
1679 2364 1811 2422 quinti
1854 2363 2040 2407 fasciculi

413 2450 570 2478 annum
607 2448 712 2478 1221
750 2436 859 2479 clare
904 2437 1168 2493 expresserit.
1215 2436 1303 2479 Etsi
1349 2436 1461 2478 enim
1502 2434 1601 2477 alias
1647 2450 1669 2477 e
1718 2446 1837 2478 textu
1882 2435 2039 2478 horum

414 2506 759 2549 testimoniorum
791 2506 898 2550 facili
925 2508 1101 2564 negotio
1135 2507 1425 2550 demonstrare
1447 2506 1744 2562 potuissemus,
1765 2516 1904 2549 totum
1927 2505 2039 2548 hunc

413 2576 656 2621 fasciculum
688 2593 720 2622 a.
758 2591 864 2621 1221
902 2578 1029 2622 fuisse
1061 2578 1192 2622 literis
1225 2577 1482 2631 mandatum,
1520 2577 1661 2620 forent
1705 2577 1793 2620 fors
1837 2575 2039 2628 nonnulli,

414 2648 560 2706 quibus
592 2648 695 2692 haec
728 2649 1035 2693 demonstratio
1071 2665 1158 2693 non
1192 2661 1279 2692 tam
1309 2647 1593 2705 persuaderet,
1612 2663 1738 2705 quam
1758 2647 1862 2690 haec
1883 2646 2037 2690 notarii
