2170 3210
1748 143 1793 177 79

297 286 611 340 Testimonia
661 305 732 339 nr.
790 303 1060 353 112-151
1118 287 1442 354 (112-123,
1502 301 1793 354 124-137,

164 371 452 441 138—147,
510 371 780 439 148-151
844 390 901 405 =
951 368 1083 437 prius
1148 368 1436 438 174———185‚
1496 371 1791 437 273-—286‚

137 470 455 522 r191——200‚
498 452 811 522 291—294)
849 469 891 504 a.
939 469 1065 520 1215
1099 450 1264 518 cripta.

294 558 356 604 Ut
387 570 517 616 patet,
548 558 672 603 fascis
706 558 1056 602 testimoniorum
1080 557 1204 601 huius
1219 558 1315 601 anni
1337 572 1360 601 e
1384 569 1566 616 quatuor
1586 558 1793 603 fasciculis

157 631 358 689 dispersis
391 630 562 676 coaluit.

293 702 425 746 Primi
464 700 651 746 fasciculi
697 711 791 745 test.
835 715 899 746 nr.
953 713 1180 757 112—123
1216 699 1299 759 (pr.
1340 699 1592 760 174-185)
1624 712 1792 759 tempus

156 785 252 820 test.
282 788 346 818 nr.
382 786 464 817 112
497 772 621 832 (174)
654 783 698 816 et
733 785 817 830 114
847 770 981 831 (176)
1013 771 1157 815 statim
1187 772 1397 815 evincunt.
1438 773 1549 817 Nam
1591 773 1793 817 testimo-

156 846 276 891 nium
294 859 355 889 nr.
383 858 463 888 112
496 855 596 902 post
627 843 884 901 completam
916 843 1197 900 septimanam
1229 842 1480 886 Dominicae
1513 843 1680 901 Exurge
1699 845 1792 903 (seu

157 915 479 975 Sexagesimae)
527 914 720 973 adeoque
770 929 918 958 mense
951 913 1181 958 Februario
1217 914 1285 958 vel
1323 913 1375 958 ad
1416 929 1632 959 summum
1670 916 1791 960 initio

156 987 314 1033 mensis
346 986 492 1032 Martii
522 997 718 1044 regestro
750 985 911 1030 illatum
943 985 1021 1029 fuit
1050 984 1318 1044 iudicemque
1349 984 1432 1028 litis
1463 985 1532 1030 hic
1559 985 1796 1045 descriptae

157 1058 401 1103 Alexander
460 1072 606 1102 comes
656 1057 774 1102 Novi
817 1056 956 1101 Castri
1002 1055 1272 1116 (Abaujvar),
1313 1055 1421 1100 illius
1464 1072 1569 1102 vero
1613 1058 1656 1102 in
1699 1071 1792 1104 test.

156 1146 219 1176 nr.
257 1143 339 1188 114
377 1129 610 1186 descriptae
643 1128 980 1186 Christophorus
1024 1128 1138 1186 prius
1184 1143 1330 1172 comes
1373 1128 1650 1184 Colosiensis,
1693 1143 1794 1175 tunc

157 1216 262 1246 vero
274 1200 592 1245 Szolnokiensis
607 1200 704 1257 egit.
718 1199 835 1243 Haec
848 1198 999 1243 indicia
1015 1210 1159 1256 aperte
1170 1209 1419 1253 monstrant,
1427 1199 1540 1244 hunc
1549 1199 1793 1245 fasciculum

158 1288 248 1318 non
280 1286 373 1316 esse
412 1271 615 1329 scriptum
661 1286 695 1317 a.
738 1273 848 1314 1216
894 1270 993 1329 quia
1042 1282 1144 1314 tunc
1188 1269 1429 1314 Alexander
1476 1286 1623 1315 comes
1678 1272 1795 1317 Novi

157 1343 297 1389 Castri
342 1343 426 1388 iam
478 1357 568 1386 non
620 1352 723 1395 erat,
767 1341 842 1386 sed
902 1357 981 1386 nec
1034 1357 1068 1387 a.
1123 1355 1234 1398 1214
1280 1341 1404 1385 scribi
1453 1343 1657 1400 potuisse,
1701 1345 1796 1403 quia

157 1414 495 1472 Christophorus
527 1429 563 1458 a.
601 1427 713 1471 1214
745 1413 950 1458 comitem
977 1412 1332 1457 Szolnokiensem
1354 1429 1480 1472 agere
1503 1428 1592 1458 non
1613 1427 1796 1472 poterat.

157 1488 285 1531 Anno
319 1500 424 1544 ergo
474 1498 580 1542 1215
632 1484 816 1529 tribuere
862 1496 1035 1543 oportet
1079 1484 1192 1529 hunc
1234 1483 1480 1529 fasciculum
1525 1496 1568 1529 et
1613 1486 1796 1545 quidem,

157 1567 340 1602 testante
362 1554 628 1601 hebdomada
646 1556 691 1599 in
713 1567 806 1599 test.
839 1572 899 1600 nr.
940 1569 1019 1599 112
1054 1554 1187 1615 (174)
1220 1555 1432 1610 adnotata,
1465 1572 1570 1615 quae
1604 1573 1636 1601 a.
1682 1572 1790 1616 1215

158 1629 225 1673 die
258 1629 369 1673 28—a
400 1627 615 1672 Februarii
645 1626 766 1670 finita
798 1638 876 1680 est,
907 1626 1026 1669 initio
1060 1642 1114 1670 rn.
1137 1627 1282 1671 Martii
1302 1642 1336 1671 a.
1365 1641 1490 1684 1215.
1515 1627 1798 1673 Concordans

157 1700 256 1744 huic
288 1714 400 1743 anno
434 1698 563 1743 etiam
594 1709 689 1743 test.
722 1713 783 1742 nr.
822 1712 898 1755 115
937 1697 1085 1757 (177),
1126 1711 1204 1754 119
1251 1697 1399 1758 (181),
1449 1712 1526 1742 121
1575 1698 1708 1759 (183)
1755 1712 1796 1744 et

163 1783 243 1815 122
298 1769 445 1829 (184),
498 1784 680 1828 quorum
732 1784 876 1812 causas
928 1769 1081 1812 Paulus
1127 1783 1274 1813 comes
1319 1769 1485 1813 curialis
1530 1770 1796 1825 Bihariensis,

158 1840 380 1899 Vingiszlo
415 1855 560 1885 comes
594 1840 914 1884 Szatmariensis
948 1852 990 1884 et
1012 1841 1130 1884 Mike
1154 1855 1300 1885 comes
1323 1841 1580 1886 Bihariensis
1598 1842 1795 1888 iudicant.

158 1913 226 1966 Hi,
256 1924 303 1956 ut
331 1911 527 1968 vidimus,
563 1927 599 1957 a.
639 1924 752 1969 1214
782 1926 932 1955 revera
974 1913 1222 1956 memoratis
1256 1911 1500 1956 muneribus
1532 1912 1797 1972 fungebatur,

159 1983 365 2042 adeoque,
409 1984 444 2026 si
485 1983 607 2026 initio
651 1999 707 2027 m.
753 1983 897 2027 Martii
941 1998 975 2027 a.
1027 1997 1134 2042 1215
1190 1999 1266 2027 eos
1318 1983 1461 2028 denuo
1512 1986 1795 2043 conspicimus

157 2054 404 2107 iudicantes,
434 2053 519 2097 hoc
552 2065 728 2107 tantum,
760 2065 888 2111 prout
920 2066 1068 2099 natura
1108 2055 1171 2099 rei
1203 2055 1298 2109 fert,
1330 2056 1594 2100 continuatio
1640 2073 1797 2101 mune-

158 2141 254 2170 rum
284 2140 460 2169 suorum
492 2136 594 2169 erat.

298 2196 559 2240 Fasciculum
611 2196 845 2240 secundum
897 2209 991 2241 test.
1044 2212 1104 2240 nr.
1161 2210 1389 2256 124—137
1432 2197 1716 2258 (273—286)
1761 2215 1796 2244 a.

163 2280 270 2324 1215
319 2267 443 2311 tribui
488 2279 704 2325 oportere,
749 2279 869 2311 extra
916 2266 1089 2312 dubium
1131 2269 1252 2326 ponit
1296 2284 1421 2313 causa
1465 2280 1560 2315 test.
1604 2286 1664 2316 nr.
1713 2285 1796 2328 134

159 2336 305 2397 (283),
319 2353 447 2397 quam
460 2338 637 2383 Simeon
660 2338 853 2397 Vajvoda
876 2338 1218 2396 Transsylvanus
1239 2339 1499 2394 discutiebat,
1519 2340 1795 2385 solummodo

159 2424 193 2454 a.
229 2422 337 2466 1215
385 2409 468 2454 hoc
511 2425 689 2455 munere
735 2409 927 2467 fungens,
974 2410 1083 2454 Huic
1127 2410 1282 2454 indicio
1329 2411 1516 2468 apprime
1561 2423 1795 2455 consonant

158 2491 323 2524 caetera
355 2495 524 2539 quoque
557 2481 735 2540 vestigia
766 2481 851 2525 hoc
883 2481 926 2524 in
958 2480 1158 2525 fasciculo
1193 2483 1466 2527 occurrentia.
1500 2482 1568 2526 Sic
1600 2483 1642 2526 in
1672 2498 1795 2527 causa

158 2562 253 2595 test.
284 2566 346 2597 nr.
382 2565 459 2608 125
496 2551 643 2612 (274),
675 2563 858 2597 exeunte
890 2553 1012 2596 Iunio
1033 2553 1188 2611 scripti,
1210 2554 1294 2597 iam
1322 2554 1568 2598 Demetrius
1591 2554 1794 2598 comitem

158 2622 355 2666 curialem
388 2622 672 2668 Bihariensem
705 2623 855 2681 Topsa
886 2639 991 2668 vero
1037 2623 1253 2668 bilochum
1298 2625 1462 2682 agebat,
1495 2640 1591 2668 curn
1627 2636 1794 2668 constet
