2170 3210
428 164 492 200 142

422 309 469 342 vt
516 299 558 342 in
604 298 800 342 omnibus
838 298 1023 356 negotiis
1066 298 1238 356 publicis
1284 310 1326 343 et
1367 300 1556 357 privatis,
1598 302 1782 347 maxime
1826 314 1970 347 autem
2011 303 2055 348 in

422 369 584 413 iudiciis
628 369 880 423 forensibuS‚
921 370 1123 415 iustitiam
1166 371 1485 428 amplectantur,
1530 382 1572 415 et
1616 384 1763 416 contra
1805 373 2053 419 iniustitiam

424 440 585 498 fugiant
608 452 650 484 ct
673 440 958 485 detestentur:
991 441 1042 485 Et
1069 441 1195 485 simul
1215 442 1310 486 illos
1331 442 1530 486 vanitatis
1549 443 1699 500 arguit,
1719 443 1808 488 imo
1827 446 2054 498 conuincit,

424 512 506 571 qui,
538 527 669 571 quum
699 523 891 557 nostram
922 513 1099 570 patriam
1130 529 1345 572 nunquam
1385 513 1579 567 viderint,
1622 515 1767 559 nescio
1814 515 1938 568 vnde,
1980 527 2052 560 aut

423 599 606 642 quorum
650 583 915 628 sermonibus
958 584 1138 638 adducti,
1171 599 1259 628 non
1304 584 1546 628 dubitarunt
1590 586 1716 629 etiam
1761 586 1845 630 suis
1888 587 2052 644 scriptis

421 655 554 698 veluti
585 655 792 712 Apollinis
825 655 1043 699 oraculum
1073 655 1273 709 inserere,
1305 667 1495 699 nostram
1526 667 1702 714 gentem
1724 672 1845 701 more
1867 657 2051 703 ferarum

423 737 466 770 et
497 741 703 783 pecorum
748 728 839 771 sine
883 727 1057 784 legibus,
1103 727 1193 770 sine
1236 726 1412 780 iudiciis,
1455 738 1497 770 et
1540 727 1630 771 sine
1675 727 1889 785 disciplina
1921 729 2052 774 vitam

422 796 593 841 duxisse
627 809 668 841 et
701 797 865 842 ducere.
898 799 955 841 At
986 797 1045 841 hii
1076 797 1146 842 vel
1177 798 1241 841 his
1274 798 1527 842 testimoniis
1554 799 1762 843 mendacii
1785 800 2051 844 conuincun-

422 880 513 912 tur:
547 884 652 927 quae
685 869 784 912 satis
817 884 1025 928 superque
1048 869 1273 922 declarant,
1294 870 1430 913 eciam
1450 870 1635 914 maiores
1662 882 1835 914 nostros
1857 871 2052 916 habuisse

416 955 516 983 suas
549 940 665 998 leges
697 955 854 999 suaque
886 940 1049 993 iudicia,
1081 951 1123 984 et
1155 939 1325 998 quidem
1357 955 1434 997 pro
1468 944 1633 985 ratione
1666 942 1803 999 gentis
1835 957 1982 1000 aspera
2011 954 2052 988 et

421 1011 567 1069 rigida.
599 1012 713 1055 Nam
743 1012 855 1055 nulla
885 1027 1164 1069 personarum
1196 1011 1336 1055 habita
1368 1013 1531 1056 ratione
1567 1013 1616 1066 is,
1632 1011 1683 1056 de
1706 1013 1822 1057 cuius
1853 1024 2052 1059 sermone

422 1081 697 1136 dubitabatur,
730 1084 767 1126 si
789 1098 856 1126 res
887 1083 945 1126 ita
976 1082 1150 1137 ferebat,
1172 1083 1454 1126 Waradinum
1477 1099 1500 1126 a
1522 1099 1601 1127 suo
1624 1082 1763 1128 iudice
1791 1085 2051 1130 mittebatur:

420 1153 560 1212 ibique
592 1154 793 1198 inuocato
827 1153 958 1198 diuini
979 1154 1164 1198 nominis
1197 1154 1365 1207 auxilio,
1396 1155 1659 1213 remotisque
1682 1155 1878 1200 omnibus
1899 1157 2051 1200 incan-

421 1225 651 1269 tationibus
683 1225 1016 1283 compellebatur
1048 1226 1207 1269 ferrum
1237 1226 1420 1283 ignitum
1454 1238 1495 1269 et
1528 1225 1724 1270 candens.
1750 1226 1942 1271 manibus
1965 1227 2051 1271 suis

421 1312 508 1340 non
540 1297 747 1354 attingere
781 1308 958 1350 tantum,
989 1312 1138 1340 verum
1160 1297 1288 1340 etiam
1310 1309 1498 1354 gestare:
1530 1297 1658 1356 idque
1681 1297 1733 1341 ad
1755 1298 1964 1342 sermonis
1987 1299 2052 1342 sui

420 1369 646 1412 veritatem
663 1368 974 1425 explorandam.
996 1368 1110 1412 Nam
1131 1369 1165 1411 si
1186 1368 1299 1411 ferro
1321 1368 1394 1412 illo
1417 1379 1587 1425 gestato
1609 1384 1759 1412 manus
1782 1370 1872 1413 eius
1893 1369 2051 1414 adure-

420 1438 583 1491 bantur,
615 1439 765 1483 falsum
797 1439 949 1483 dixisse
981 1439 1263 1484 indicabatur:
1297 1439 1765 1498 condemnabaturque;
1804 1440 1867 1483 sin
1899 1440 2051 1494 minus,

420 1525 594 1553 verum:
628 1522 669 1553 et
701 1511 1012 1555 iustificabatur.

562 1581 704 1625 Placet
727 1593 869 1625 autem
890 1581 1149 1640 quibusdam,
1173 1582 1356 1625 maiores
1379 1593 1553 1625 nostros
1576 1582 1661 1625 hoc
1684 1596 1817 1639 genus
1843 1582 2050 1626 examinis

419 1667 441 1695 a
474 1654 560 1696 suis
592 1653 822 1697 maioribus
856 1654 1078 1710 accepisse.
1110 1653 1223 1696 Nam
1256 1653 1405 1697 dicitur
1427 1653 1538 1710 apud
1559 1653 1652 1696 illos
1676 1653 1917 1710 HungarOS,
1941 1667 2048 1711 quos

419 1723 554 1767 adhuc
587 1724 772 1780 Scythia,
804 1736 926 1768 vetus
964 1736 1211 1768 nostrorum
1243 1725 1454 1767 maiorum
1487 1723 1611 1768 sedes
1645 1723 1729 1777 alit,
1762 1723 1889 1768 etiam
1921 1723 2051 1767 hodie

418 1795 461 1837 in
478 1795 683 1848 tribunali,
698 1795 799 1839 dum
815 1795 964 1839 iudicia
982 1807 1231 1839 exercentur
1245 1796 1287 1839 in
1302 1795 1483 1839 caldario
1508 1795 1697 1839 subiecto
1719 1795 1816 1852 igne
1830 1794 2050 1852 plumbum

419 1865 603 1910 feruere:
628 1879 670 1910 et
684 1867 727 1910 in
740 1867 957 1923 plumbum
973 1867 1074 1911 illud
1090 1882 1238 1910 manus
1256 1882 1351 1910 suas
1369 1866 1462 1910 illos
1480 1867 1686 1924 ingerere,
1708 1881 1890 1924 quorum
1906 1880 2053 1909 sermo

418 1937 461 1979 in
483 1936 655 1981 dubium
675 1951 870 1982 vocatur:
889 1950 934 1982 vt
951 1939 1029 1982 hac
1046 1939 1209 1982 ratione
1228 1938 1437 1982 sermonis
1456 1937 1748 1994 exploraretur
1766 1937 1930 1981 veritas.
1948 1936 2050 1979 Illos

418 2008 572 2066 itaque,
595 2009 665 2067 qui
697 2021 885 2053 amantes
907 2009 1023 2053 fuere
1047 2009 1246 2064 veritatis,
1273 2024 1422 2052 manus
1452 2023 1547 2051 suas
1577 2024 1630 2051 ex
1660 2007 1731 2051 illo
1752 2007 1925 2064 plumbo
1946 2007 2049 2050 citra

419 2095 593 2123 omnem
618 2080 901 2124 offensionem
924 2079 1115 2131 educere,
1140 2095 1227 2123 non
1257 2095 1376 2123 secus
1400 2090 1525 2137 atque
1548 2094 1600 2123 ex
1630 2094 1736 2136 aqua
1771 2077 1934 2134 tepida:
1971 2092 2050 2120 eos

418 2166 536 2204 vero,
551 2151 621 2209 qui
636 2152 975 2207 anteposuissent
997 2152 1226 2194 vanitatem
1242 2151 1421 2204 veritati,
1441 2166 1538 2194 cum
1554 2164 1656 2192 suae
1678 2164 1826 2192 manus
1848 2147 2047 2205 periculo.

418 2221 527 2264 Mihi
558 2234 700 2266 tamen
732 2222 900 2266 aliunde
932 2223 999 2266 hic
1031 2237 1127 2265 mos
1159 2221 1416 2279 explorande
1438 2221 1625 2264 veritatis
1649 2220 1895 2276 desumptus
1916 2218 2049 2262 fuisse

419 2292 603 2337 videtur:
634 2293 847 2337 Nimirum
883 2309 933 2337 ex
965 2294 1040 2337 illo
1072 2294 1154 2337 ritu
1197 2293 1380 2346 Iudaico,
1425 2308 1512 2350 quo
1555 2291 1704 2335 mulier
1750 2306 1811 2343 ea,
1855 2305 1959 2348 quae
2003 2290 2048 2332 in

420 2365 706 2420 suspicionem
738 2364 928 2409 adulterii
959 2365 1158 2418 venisset,
1192 2363 1496 2420 explorabatur.
1529 2363 1642 2406 Nam
1676 2361 1785 2418 apud
1815 2361 1981 2418 Iudeos,
2012 2362 2048 2404 si

420 2450 501 2493 qua
533 2436 685 2479 mulier
717 2437 759 2479 in
782 2437 1067 2493 suspicionem
1099 2437 1250 2479 iustam
1284 2434 1477 2478 adulterii
1510 2433 1742 2486 cecidisset,
1763 2433 1937 2477 maritus
1957 2432 2046 2476 eius

420 2506 646 2550 accedebat
678 2506 729 2550 ad
760 2507 916 2551 iudices
950 2507 1129 2550 ciuitatis
1162 2521 1262 2549 suae
1294 2505 1603 2563 negotiumque
1650 2505 1788 2561 ipsum
1819 2503 1897 2546 illis
1939 2517 2046 2560 pro—

418 2577 614 2633 ponebat.
647 2578 710 2621 Illi
739 2594 842 2622 vero
865 2578 1087 2621 mittebant
1119 2593 1212 2621 eam
1234 2592 1332 2621 cum
1353 2576 1530 2620 testibus
1554 2575 1716 2619 idoneis
1737 2573 2046 2630 lerosolymam

419 2648 471 2692 ad
502 2663 717 2692 summum
750 2649 1066 2702 consistorium,
1095 2649 1139 2692 in
1172 2663 1256 2706 quo
1289 2647 1554 2704 septuaginta
1588 2646 1790 2690 sedebant
1816 2659 1958 2688 senes:
1991 2643 2046 2686 Hi
