2170 3210
177 307 322 370 bruh,
370 306 583 371 Olferih,
633 310 832 370 Pacam,
889 306 1092 369 Tusam,
1154 326 1247 378 pro
1310 320 1519 361 centum
1579 308 1744 378 porcis

175 396 420 452 violenter
479 395 665 450 ablatiS.
735 395 903 450 Iudice
970 395 1098 448 Mica
1167 397 1351 450 comite
1426 395 1488 449 de
1543 396 1741 458 Bichor,

176 485 405 556 pristaldo
459 485 610 538 Iancu
658 483 763 539 filio
813 483 1037 539 Siluestri.
1096 485 1302 538 Martin9
1350 484 1463 556 itaq;
1519 486 1570 539 &
1622 483 1745 555 pris-

176 573 338 628 taldus
382 574 487 627 eius
532 574 584 627 in
639 574 795 643 prima
844 572 1129 642 septimana,
1178 573 1402 626 Domine
1452 574 1503 628 in
1553 585 1650 636 tua,
1689 573 1743 627 fu

176 675 320 717 erunt
391 662 665 716 Waradini.
741 662 1095 716 Praenominati
1174 673 1342 714 autern
1414 662 1743 733 ioubagiones

176 770 284 806 non
346 750 562 804 fuerunt.
625 751 726 805 Sed
788 751 988 820 quidam
1050 749 1278 804 sacerdos
1338 750 1545 804 veniens
1607 750 1741 817 dixit,

177 860 209 910 q
265 841 504 894 dominus
558 838 755 893 illorum
811 838 928 893 effet
974 840 1026 892 in
1076 839 1223 901 curia,
1274 839 1324 893 &
1379 840 1480 892 fine
1531 839 1742 893 domino

176 947 357 983 eorum
406 929 494 998 ipfi
542 945 648 982 non
711 928 863 982 essent
923 927 1033 982 iusfi
1086 928 1265 991 venire,
1326 928 1567 982 Martinus
1626 930 1741 1000 itaq;

175 1020 226 1073 &
261 1016 515 1088 pristaldus
553 1017 671 1079 eiuS,
708 1029 762 1070 vt
812 1018 900 1086 ipfi
950 1016 1193 1080 dixerunt,
1244 1017 1305 1070 ad
1360 1017 1573 1070 iudicem
1615 1036 1743 1087 prae-

176 1106 279 1162 fatsi
323 1105 583 1167 redierunt,
627 1107 677 1160 &
726 1124 752 1158 a
802 1105 959 1159 iudice
1007 1106 1068 1158 ad
1124 1124 1220 1160 nos
1268 1107 1449 1160 reuersl
1499 1106 1742 1168 dixerunt,

174 1195 315 1266 quod
368 1195 522 1248 Iudex
585 1195 938 1249 condemnauit
992 1194 1118 1257 illos,
1169 1196 1219 1250 &
1267 1196 1417 1250 etiam
1472 1214 1500 1248 a
1550 1197 1743 1264 capitu-

173 1284 226 1338 lo
263 1302 356 1354 pro
395 1284 778 1353 condempnatis
814 1283 980 1338 haberi
1018 1284 1287 1337 mandauit.

103 1389 152 1417 ,ις
278 1373 522 1426 Martinus
566 1371 695 1425 filius
745 1372 940 1425 Cochid
991 1372 1206 1442 impecijt
1259 1373 1465 1427 Nunam
1515 1371 1577 1425 de
1633 1372 1742 1426 villa

173 1461 392 1530 Vosuarij
442 1480 535 1531 pro
599 1473 813 1531 quatuor
868 1462 1058 1523 marcis,
1114 1463 1281 1516 Iudice
1343 1462 1583 1515 Dumeno
1645 1480 1740 1515 co—

172 1551 294 1605 mite
341 1550 403 1603 de
453 1549 693 1604 Bodolou
743 1549 983 1605 Pristaldo
1039 1551 1186 1618 Gufij,
1242 1551 1305 1603 de
1354 1549 1464 1603 villa
1502 1549 1740 1604 Solumus

173 1641 257 1710 qui
327 1639 582 1692 Waradini
643 1638 800 1692 taliter
862 1651 1224 1702 conuenerunt,
1288 1658 1319 1708 q
1390 1638 1540 1693 Nuna
1602 1638 1740 1693 daret

171 1728 390 1782 Martino
440 1745 594 1780 vnam
651 1746 870 1780 marcam
932 1729 982 1781 &
1042 1727 1315 1790 dimidiam,
1377 1730 1427 1783 &
1475 1728 1608 1782 idem
1653 1731 1741 1783 Iu-

170 1816 266 1871 dici
327 1815 630 1880 satisfaceret,
706 1829 898 1885 partem
972 1829 1141 1869 autem
1213 1816 1435 1886 pristaldi,
1496 1817 1738 1871 Martinus

164 1906 324 1959 daret.

101 2010 152 2043 ³³⁶
277 1993 424 2047 Voda
473 1992 602 2045 filius
664 1993 862 2060 Farcafij
926 1993 1141 2062 impecijt
1188 1994 1556 2063 Ioubagionem
1610 1995 1738 2048 Lam

170 2083 298 2153 perti
348 2081 391 2136 .s.
429 2084 615 2151 Hegun
666 2081 727 2134 de
765 2082 1014 2135 occifione
1051 2084 1196 2152 patris
1246 2081 1328 2138 sui.
1378 2084 1483 2147 Qui
1533 2101 1649 2136 cum
1686 2085 1736 2136 iu

170 2171 315 2225 dicati
375 2170 436 2224 ab
493 2170 684 2224 Eraclio
740 2170 1015 2224 Yconomo
1076 2171 1396 2236 Waradinesn
1460 2190 1577 2225 cum
1638 2170 1743 2225 Pris

169 2259 304 2314 taldo
372 2258 594 2329 ipsorum
655 2259 875 2321 Micone‚
937 2262 1114 2314 starent
1175 2260 1235 2313 ad
1310 2260 1547 2315 iudicium
1621 2259 1736 2313 ferri

119 2401 122 2404 Α
169 2347 439 2410 candentis,
501 2347 803 2401 reconciliati
864 2351 974 2401 sunt
1034 2349 1112 2411 ita,
1175 2349 1312 2418 quod
1367 2350 1618 2402 nominat⁹
1680 2367 1734 2401 ac

169 2449 250 2491 tor
298 2436 479 2489 dimifit
537 2437 856 2490 nominatum
917 2436 1246 2492 aduarsarium
1304 2438 1449 2492 suum
1504 2456 1596 2507 pro
1652 2438 1734 2490 in—

171 2536 398 2587 nocente,
453 2525 605 2580 Indici
668 2537 838 2578 autem
899 2527 949 2579 &
1009 2525 1239 2595 pristaldo
1302 2538 1644 2580 conuenerunt
1698 2526 1735 2579 fi

164 2613 277 2667 mul
314 2611 595 2667 satisfacere.

1213 2706 1251 2756 P
1352 2723 1371 2771 3
