2170 3210
432 129 497 174 184

1065 272 1140 316 Nr.
1175 272 1241 317 86.
1276 271 1421 330 (312.)

570 354 752 399 Michael
783 354 834 398 de
868 353 963 398 villa
994 355 1152 399 Musou
1183 355 1364 412 impetiit
1396 355 1594 411 Gyunam
1626 354 1678 399 de
1708 355 1806 400 villa
1836 356 1946 401 Ense
1977 371 2058 414 pro

429 426 554 481 furto,
586 425 722 469 iudice
754 425 867 470 Mica
911 426 1070 469 comite
1102 425 1156 469 de
1187 426 1352 479 Bichor,
1395 424 1598 483 pristaldo
1642 426 1818 480 Micusa,
1864 426 1917 471 de
1946 426 2058 471 'villa

429 497 635 553 Gyoroc.1
667 497 878 541 Dominus
911 497 1063 554 Gynna
1094 496 1192 556 (sic)
1224 498 1470 541 combustus
1501 508 1578 541 est.

1072 638 1149 683 Nr.
1182 639 1249 696 87.
1282 639 1417 697 (313.)

573 722 772 777 Joannes,
790 721 899 765 filius
932 721 1089 765 Turdis
1122 722 1306 774 comitis,
1336 722 1516 779 impetiit
1545 721 1850 780 ioubagiones²
1882 722 2060 766 ecclesie

429 784 481 836 de
510 792 626 846 Clus,
657 792 815 836 scilicet
859 792 1026 836 Scelam
1072 804 1116 836 et
1159 793 1345 836 Pousam
1377 805 1419 836 et
1451 807 1636 846 servum,
1667 792 1825 837 scilicet
1856 793 1971 837 Posu
2002 792 2058 837 de

428 862 601 922 praedio
647 864 736 908 Her
784 878 864 920 pro
922 863 1159 917 latrocinio,
1212 863 1348 908 iudice
1407 864 1520 909 Mica
1579 863 1748 908 curiali³
1793 863 1844 908 de
1891 864 2059 917 Bichor,

427 934 632 991 pristaldo
662 935 835 991 Joanne.
869 934 964 978 Sela
995 935 1138 993 itaque
1170 946 1212 979 et
1243 936 1357 978 Posu
1389 934 1603 978 iustificati
1638 947 1750 988 sunt,
1770 935 1908 980 Pousa
1929 950 2056 980 com-

429 1006 574 1050 bustus
607 1016 684 1052 est.

1070 1114 1145 1158 Nr.
1180 1114 1247 1158 88.
1280 1112 1425 1173 (314.)

570 1196 694 1241 Vadu
741 1197 793 1241 de
839 1196 1108 1241 custodibus4
1160 1197 1289 1241 silvae
1336 1198 1501 1254 Beregu
1550 1197 1732 1254 impetiit
1776 1192 2060 1241 convillanum

429 1284 564 1321 suum,
596 1268 869 1322 Vulcanum,5
900 1283 978 1325 pro
1012 1268 1227 1312 occisione
1259 1267 1368 1312 filiae
1401 1283 1500 1311 suae
1544 1283 1619 1325 per
1655 1264 1892 1325 potionem,
1922 1266 2061 1311 iudice

432 1340 583 1383 Mescu
628 1340 786 1383 comite
831 1339 882 1383 de
930 1341 1108 1396 Beregu,
1160 1339 1360 1396 pristaldo
1406 1338 1585 1384 Andrea.
1630 1339 1845 1384 Vulcanus
1900 1338 2057 1382 iustifi-

431 1422 548 1454 catus
580 1422 655 1455 est.

1070 1517 1145 1561 Nr.
1180 1518 1245 1573 89.
1279 1516 1415 1574 (315.)
1648 1575 1650 1577 ‚
1913 1579 1915 1583 Ι

571 1600 779 1644 Martinus
831 1600 1149 1644 archidiaconus
1186 1600 1381 1657 &impetiit
1432 1599 1591 1643 Beluen
1644 1612 1686 1643 et
1737 1599 1964 1643 Matthiam
2007 1599 2060 1642 de

430 1672 528 1716 villa
558 1671 742 1729 Ioubag⁶
775 1682 818 1714 et
847 1671 952 1715 item
984 1671 1151 1715 Gekam
1183 1671 1235 1714 de
1287 1670 1380 1714 villa
1424 1671 1509 1714 Zor
1553 1683 1595 1714 et
1635 1670 1842 1714 Kelemen
1881 1669 1932 1714 de
1963 1669 2060 1713 villa

431 1744 571 1801 Segu⁷
602 1758 681 1800 pro
715 1743 928 1786 occisione
960 1741 1035 1785 filii
1065 1743 1139 1785 sui.
1174 1743 1298 1796 Quos
1329 1741 1533 1785 Nicolaus
1565 1756 1711 1785 comes
1743 1741 1954 1785 Palatinus
1984 1755 2061 1798 per

430 1813 676 1871 pristaldum
707 1814 882 1857 nornine
915 1810 1092 1871 Gougar
1135 1814 1248 1857 misit
1288 1812 1566 1856 Waradinum
1608 1812 1660 1856 ad
1703 1812 1918 1856 candentis
1960 1811 2060 1855 ferri

428 1885 641 1938 iudicium,
672 1884 742 1928 ubi
773 1884 995 1939 Kelemen,
1024 1896 1198 1942 portato
1231 1884 1359 1937 ferm,
1390 1883 1637 1928 iustificatus
1664 1895 1739 1928 est.
1784 1884 1910 1927 Belue
1954 1876 2060 1926 vero

574 2039 585 2060 ¹
611 2041 731 2076 Mezd-
749 2041 807 2076 vel
833 2039 1091 2087 Erd6—Gyarak
1118 2041 1154 2075 in
1183 2052 1278 2075 com.
1304 2040 1421 2075 Bihar.

572 2099 586 2119 ²
613 2100 653 2134 ln
681 2099 841 2135 editione
867 2101 1027 2147 principe
1054 2111 1226 2135 erronee:
1253 2099 1504 2145 inubagiones.

572 2159 585 2179 ³
613 2159 723 2194 Recte
742 2159 843 2194 'Mica
870 2161 1004 2194 comite
1031 2159 1170 2194 Confer
1195 2171 1248 2194 nr.
1280 2168 1330 2195 10.

571 2219 585 2239 4
603 2218 729 2253 Editio
755 2230 807 2265 pr.
835 2230 1009 2254 erronee:
1037 2219 1218 2254 otodibus.

451 2317 454 2320 y
497 2324 499 2327 ‚
573 2278 586 2297 ⁵
611 2278 795 2324 Habitavit
819 2279 857 2312 in
884 2289 978 2323 pago
1006 2278 1117 2320 Ardo‚
1143 2278 1282 2324 plenius
1307 2276 1641 2322 Szdlosveg-Ardo.
1668 2275 1769 2310 Ard6
1810 2275 1909 2309 enim
1947 2274 2060 2319 signi-

432 2336 515 2371 ficat
541 2337 670 2372 villam
695 2337 854 2372 custodis
880 2337 990 2372 silvae
1017 2336 1215 2381 (Erd6ovo,
1240 2337 1349 2379 Erdo,
1367 2335 1495 2379 Ardo).

574 2395 588 2415 ὃ
610 2396 774 2442 Jobbzigy
793 2396 884 2430 olim
911 2407 1022 2442 pagus
1049 2407 1144 2432 com.
1170 2396 1304 2431 Temes
1330 2406 1440 2442 prope
1466 2394 1558 2429 Cszik
1585 2393 1780 2438 (Csalkova)
1806 2405 1903 2428 nunc
1942 2392 2060 2428 obrid.

577 2454 589 2476 ⁷
617 2455 720 2490 Olim
746 2456 785 2489 in
810 2466 906 2490 com.
941 2456 1038 2490 Arad
1057 2457 1096 2490 in
1114 2456 1298 2490 vicinitate
1320 2455 1550 2501 praediorum
1569 2464 1666 2488 nunc
1683 2453 1857 2499 Basarziga
1874 2460 1910 2487 et
1927 2451 2061 2486 Sziond

432 2523 722 2560 nuncupatorum
759 2513 794 2559 (a
826 2514 964 2549 Pecska
989 2516 1276 2560 septentrionem
1302 2513 1438 2557 versus)
1464 2513 1533 2548 fuit
1559 2513 1647 2547 Szor
1674 2527 1715 2541 =
1742 2511 1811 2546 Zor
1835 2521 1929 2546 terra
1953 2510 2060 2556 (Cod.

431 2573 524 2607 Patr.
544 2573 568 2607 1.
591 2572 656 2617 13).
675 2573 762 2609 Inde
781 2573 875 2608 haud
896 2574 1031 2619 procul,
1052 2585 1073 2608 a
1093 2575 1291 2620 municipio
1312 2573 1407 2608 Arad
1427 2572 1713 2618 septentrionem
1739 2582 1859 2605 versus
1877 2570 2061 2604 adiacebat

431 2643 543 2677 pagus
568 2632 650 2677 Seg.
