2170 3210
429 172 500 208 254

429 305 611 350 Nicolao
643 305 834 348 Palatino
868 305 1039 358 comite,
1069 305 1271 363 pristaldo
1304 306 1488 364 Cepaml
1522 305 1574 350 de
1604 306 1702 350 villa
1732 306 1887 353 Ladan.
1918 307 2055 352 Prae-

429 375 531 420 dicti
562 376 690 427 fures,
720 387 892 433 portato
936 376 1065 429 ferro,
1108 376 1318 421 combusti
1362 389 1470 423 sunt.
1514 377 1598 422 Sed
1641 377 1824 422 Michael
1867 378 2059 436 confugit

429 447 484 491 ad
515 447 747 491 ecclesiam.

1068 567 1145 610 Nr.
1179 580 1276 623 270.
1309 566 1423 626 (19.)

570 651 683 695 Nixa
715 649 766 694 de
799 649 898 694 villa
927 650 1084 694 Nema²
1117 650 1298 707 impetiit
1331 650 1554 709 quendam,
1585 651 1757 695 nomine
1803 650 1959 705 Budev‚
2003 650 2055 696 de

431 722 510 766 alia
540 721 636 765 villa
667 721 807 765 Nema
837 736 915 779 pro
947 720 1077 774 furto,
1107 720 1244 765 iudice
1276 721 1458 765 Nicolao
1492 722 1649 765 comite
1681 721 1733 766 de
1767 721 1925 776 Geuru,
1966 723 2057 781 pri-

432 792 569 837 staldo
602 792 817 850 Gregorio
850 791 902 836 de
922 792 1090 836 civitate
1111 792 1268 836 Geuru.
1289 791 1532 836 Praedictus
1554 792 1712 845 Budev‚
1739 805 1911 850 portato
1932 792 2060 847 ferro,

431 875 659 922 antequam
691 863 941 917 solveretur,
973 863 1146 920 aufugit.

1067 1017 1143 1061 Nr.
1177 1030 1231 1074 27
1241 1032 1276 1061 1.
1310 1016 1425 1077 (20.)

575 1100 649 1145 Eel
691 1101 801 1144 filius
845 1100 995 1144 Scema
1038 1100 1090 1144 de
1139 1100 1235 1144 villa
1283 1100 1388 1153 Eel,³
1435 1116 1568 1158 genus
1618 1101 1834 1159 Capatani,
1878 1101 2058 1160 impetiit

432 1172 644 1231 quendam
689 1172 741 1216 de
786 1172 882 1216 villa
924 1172 1057 1216 Custa
1087 1172 1262 1215 nomine
1296 1171 1510 1224 Olduruh,
1542 1171 1684 1216 dicens
1715 1173 1855 1230 ipsum
1886 1188 2056 1218 servum

430 1259 556 1288 suum
589 1259 691 1288 esse.
736 1243 810 1287 Ille
856 1256 998 1288 autem
1042 1243 1159 1296 dixit,
1215 1258 1259 1286 se
1304 1259 1391 1287 non
1443 1258 1535 1287 esse
1579 1258 1718 1301 suum·
1758 1259 1942 1290 servum.
1985 1243 2059 1288 sed

434 1315 755 1359 tavornicorum
786 1315 897 1372 regis
930 1326 971 1358 et
1002 1314 1120 1358 duxit
1152 1314 1413 1358 convillanos
1445 1330 1558 1368 suos,
1600 1329 1697 1358 cum
1738 1315 2060 1372 ioubagionibus

431 1387 760 1440 tavernicorum,
791 1386 990 1440 Viviano‚
1030 1386 1244 1443 Gregorio
1289 1397 1333 1430 et
1376 1384 1565 1438 Ombud‚
1592 1380 1679 1444 vqui
1723 1401 1820 1430 eum
1865 1385 2060 1430 dixerunt

430 1473 558 1502 suum
589 1473 682 1501 esse
715 1457 1006 1501 contribulem.
1044 1457 1246 1510 Quorum
1283 1473 1402 1510 unus,
1445 1457 1613 1500 nomine
1665 1457 1794 1510 Daba,
1840 1457 2060 1515 specialius

431 1529 538 1573 dixit
582 1528 764 1572 eundern
809 1527 1006 1573 Olduruh
1038 1543 1162 1572 suum
1194 1543 1288 1572 esse
1320 1540 1551 1585 cognatum
1583 1540 1638 1579 et,
1669 1539 1842 1585 portato
1874 1543 1952 1586 pro
1985 1528 2058 1572 illo

436 1600 550 1644 ferro
584 1599 785 1644 Varadini
815 1599 1064 1644 iustificatus
1096 1611 1172 1652 est,
1204 1598 1340 1643 iudice
1373 1599 1603 1652 Maurino,4
1648 1593 1938 1656 vicepalatino,
1968 1599 2061 1656 pri-

431 1670 571 1715 staldo
601 1670 785 1715 Nicolao
818 1671 870 1715 de
903 1670 997 1714 villa
1029 1672 1198 1728 Arpas⁵

1069 1836 1148 1883 Nr.
1183 1850 1280 1893 272.
1312 1835 1428 1895 (21.)

577 1919 785 1973 Urbanus,
805 1919 1025 1973 Martinus,
1045 1919 1213 1972 Santus,
1235 1919 1385 1963 Petrus
1406 1930 1449 1962 et
1469 1918 1536 1962 alii
1559 1930 1792 1963 castrenses
1810 1918 1861 1962 de
1882 1918 2062 1972 Borsod,

433 1992 711 2049 impetierunt
744 1990 962 2050 quosdam,
993 1990 1152 2035 scilicet
1196 1990 1324 2044 Tum,
1367 1990 1566 2043 Pousam,
1611 1990 1793 2043 Porkos,
1834 1989 2062 2042 Manciam,

436 2062 638 2121 dicentes,
668 2062 763 2106 illos
795 2076 896 2105 suos
930 2077 1021 2106 esse
1056 2062 1323 2106 contribules.
1354 2061 1428 2105 Isti
1472 2072 1617 2105 autem
1660 2060 1983 2118 responderunt,
2005 2076 2060 2104 ,se

433 2134 547 2191 regis
580 2148 672 2177 esse
705 2133 945 2191 tauernicos
977 2144 1020 2177 et
1051 2144 1278 2176 tenuerunt
1310 2147 1478 2176 causam
1511 2146 1663 2176 eorum
1693 2131 1902 2176 tauomici
1937 2131 2062 2189 regiS,

434 2205 595 2249 scilicet
626 2204 786 2248 Forcos
819 2216 861 2247 et
893 2204 1093 2261 Moynolt
1125 2203 1177 2248 de
1208 2203 1305 2247 villa
1338 2202 1493 2256 Τοῖ’(ἰ,6
1524 2203 1639 2256 item,
1671 2202 1812 2246 Sixtus
1833 2213 1875 2246 et
1908 2201 2060 2246 Hunda

580 2371 590 2392 ¹
619 2372 732 2418 Supra
758 2383 812 2407 nr.
839 2380 918 2417 217,
945 2381 1025 2414 244,
1053 2381 1129 2415 245.

577 2430 591 2451 ²
617 2431 735 2466 Hodie
753 2431 897 2477 praedia
921 2431 1039 2465 Nema
1058 2431 1246 2465 nominata
1260 2431 1377 2465 iacent
1395 2441 1415 2464 a
1432 2427 1712 2463 Pannonhalma
1731 2429 1909 2463 orientem
1927 2438 2060 2462 versus.

578 2491 591 2510 ³
618 2489 778 2524 Erronee
804 2500 868 2535 pro
894 2488 957 2523 Ecl
983 2489 1075 2524 idest
1102 2499 1213 2534 pagus
1240 2488 1329 2523 Ekel
1354 2489 1393 2522 in
1420 2499 1518 2523 com.
1542 2487 1757 2522 Komzirom.

579 2549 592 2568 ⁴
618 2549 777 2583 Erronee
803 2559 867 2594 pro
895 2548 1079 2583 Mauricio.
1105 2547 1205 2583 Infra
1231 2559 1284 2583 nr.
1312 2547 1391 2592 289,
1422 2546 1498 2591 318,
1528 2556 1605 2590 321.

581 2609 594 2627 ⁵
618 2608 723 2643 Nunc
749 2598 864 2653 Arpzis
890 2608 986 2642 iuxta
1011 2607 1151 2642 Rabam
1176 2608 1213 2642 in
1239 2617 1335 2642 com.
1363 2607 1517 2652 Sopron.

580 2667 594 2686 ‘³
619 2668 724 2702 Nunc
750 2666 846 2701 Tard
873 2677 984 2712 prope
1010 2666 1251 2701 Mez6k<3vesd
1277 2667 1314 2700 in
1342 2676 1436 2700 com.
1463 2665 1611 2700 Borsod.
