2170 3210
446 147 490 181 80

442 287 527 331 iam
556 287 677 331 nobis
709 295 803 330 toto
836 301 945 330 anno
996 300 1107 344 1214
1149 287 1237 331 imo
1270 288 1398 331 etiam
1428 288 1548 332 initio
1580 303 1634 333 m.
1672 290 1815 334 Martii
1856 305 1892 334 a.
1946 305 2051 348 1215

442 357 618 400 Paulum
649 357 733 400 hoc
754 371 930 400 munere
952 357 1119 401 comitis
1140 357 1300 401 curialis
1321 357 1571 402 Bihariensis
1592 358 1789 405 funxisse.
1817 360 2055 405 Nunciante

442 438 536 471 test.
572 443 631 470 nr.
669 439 746 484 135
782 427 902 484 (284)
934 426 1133 471 Salamon
1164 438 1264 471 tunc
1296 428 1463 472 comitis
1494 428 1718 473 Nitriensis
1740 445 1891 474 munus
1913 431 2056 489 gessit,

443 498 555 556 atqui
586 496 838 541 documenta
870 508 1121 550 monstrant,
1151 514 1189 543 a.
1228 500 1336 542 1216
1369 498 1454 541 iam
1486 497 1702 542 Thomam
1748 500 2057 559 Szentgyorgyi

442 568 644 612 comitem
674 567 933 612 Nitriensem
966 568 1114 625 egisse,
1146 567 1337 626 adeoque
1371 568 1613 612 fasciculum
1643 569 1755 614 hunc
1796 585 1931 630 neque
1972 586 2057 629 po—

442 639 619 693 steriori,
634 652 760 697 quam
779 650 901 694 1215,
917 653 1027 681 anno
1046 638 1170 681 tribui
1188 652 1325 694 posse.
1350 638 1519 682 Caeteri
1540 654 1708 698 quoque
1728 640 1808 684 viri
1833 640 2056 699 fungentes

441 709 555 753 velut
586 708 767 752 comites
798 707 916 751 Mike
948 719 991 751 et
1023 708 1135 751 Hem
1167 707 1308 767 (Mika
1327 719 1370 752 et
1393 708 1554 768 Heim),
1575 725 1840 755 oeconomus
1860 711 2057 770 Episcopi

441 779 723 832 Varadiensis,
771 777 973 834 Ioachim,
1031 793 1065 822 a.
1121 791 1227 835 1215
1288 779 1460 823 minime
1511 792 1758 837 repugnant,
1810 781 1899 825 imo
1947 782 2057 827 clare

442 849 711 895 concordant.

580 919 716 963 Lubet
742 918 877 963 adhuc
898 929 1082 962 attentos
1104 918 1241 963 facere
1262 918 1458 974 lectores,
1472 921 1711 965 testimonia
1734 921 1856 966 huius
1877 922 2058 968 fasciculi

440 1007 500 1036 nr.
537 990 762 1048 133-136
796 988 1063 1047 (282-285)
1093 989 1262 1033 insimul
1311 1001 1410 1047 post
1453 991 1707 1048 completam
1749 992 2057 1038 hebdomadam

443 1061 694 1106 Dominicae
747 1059 982 1103 «Dominus
1034 1058 1268 1104 fortitudo»
1319 1060 1428 1104 idest
1479 1072 1576 1118 post
1624 1062 1847 1107 decursum
1895 1062 2058 1109 dierum

444 1145 610 1190 19—25
645 1146 700 1175 m.
731 1129 823 1173 Iulii
855 1145 889 1175 a.
927 1142 1034 1186 1215
1069 1141 1112 1173 et
1145 1141 1242 1174 ante
1286 1144 1441 1175 zo-am
1483 1131 1596 1176 diem
1641 1133 1835 1191 Augusti*
1865 1133 2057 1178 eiusdem

441 1205 537 1248 anni
567 1211 762 1259 regestro
794 1200 905 1244 illata
937 1214 1040 1244 esse.

580 1271 749 1329 Operae
780 1271 963 1327 pretium
993 1285 1122 1328 porro
1155 1282 1219 1314 est
1250 1282 1410 1325 notare,
1440 1272 1483 1316 in
1514 1272 1636 1316 huius
1667 1273 1841 1317 secundi
1871 1273 2055 1319 fasciculi

439 1344 523 1389 nris
560 1356 653 1400 127,
689 1343 783 1395 128,
818 1343 897 1398 136
930 1356 1090 1385 novum
1123 1342 1347 1398 comperiri
1386 1342 1586 1386 comitem
1630 1343 1823 1388 curialem
1869 1343 2056 1389 Szolno-

438 1414 687 1466 nikiensem,
717 1412 890 1455 nomine
922 1411 1148 1469 Angelum.
1179 1412 1452 1456 Praecedenti
1482 1428 1593 1456 anno
1630 1426 1754 1471 1214,
1785 1425 1832 1458 ut
1863 1414 2055 1468 vidimuS,

439 1485 555 1538 alius,
585 1484 687 1527 Pers
719 1494 790 1526 aut
821 1483 912 1527 Pris
942 1494 1205 1540 nuncupatus
1236 1483 1320 1527 hoc
1349 1498 1526 1527 munere
1558 1483 1819 1541 fungebatur.
1847 1484 2056 1542 Exiguum

440 1554 538 1614 quid
581 1554 668 1598 fors
710 1552 877 1597 videtur
919 1553 1003 1597 hoc
1045 1553 1240 1607 stabilire,
1284 1564 1326 1596 at
1372 1553 1514 1597 statim
1556 1553 1725 1610 patebit,
1766 1554 1851 1598 hoc
1897 1553 2053 1599 indicio

440 1625 662 1669 adiuvante
693 1623 867 1668 ulterius
905 1623 949 1667 in
980 1623 1202 1681 defigenda
1241 1624 1518 1680 chronologia
1559 1624 1737 1681 segestri
1779 1625 1914 1669 nostri
1956 1639 2053 1682 pro-

440 1695 556 1753 gredi
586 1709 723 1751 posse.

578 1764 647 1808 Ad
677 1764 970 1808 stabiliendum
1001 1779 1156 1808 annum
1198 1763 1383 1809 fasciculi
1428 1764 1539 1808 tertii
1582 1774 1675 1808 test.
1718 1779 1778 1809 nr.
1828 1765 2053 1821 138-—147

438 1835 718 1896 (191—200)
749 1835 887 1892 primo
919 1833 1070 1878 indicia
1100 1835 1344 1879 remotiora.
1377 1849 1481 1878 mox
1510 1834 1707 1891 propiora
1737 1849 1818 1878 nos
1839 1833 2054 1881 inducunt.

437 1908 548 1950 Ante
580 1922 613 1950 a.
651 1918 759 1949 1222
791 1904 904 1961 hunt:¹
934 1903 1175 1948 fasciculum
1207 1905 1492 1962 conscriptum
1536 1903 1675 1956 fuisse,
1717 1915 1813 1948 test.
1860 1919 1921 1949 nr.
1970 1918 2049 1961 142

437 1978 554 2035 (195)
586 1987 807 2028 monstrat,
839 1975 954 2019 cuius
985 1985 1125 2019 textus
1157 1974 1436 2032 Reginaldum
1467 1972 1768 2033 (Raynaldum)
1790 1974 1907 2018 velut
1926 1988 2053 2031 prae-

435 2042 985 2104 positum'Varadinensem
1016 2056 1239 2098 memorat,
1270 2060 1366 2089 cum
1411 2056 1552 2088 tamen
1596 2059 1629 2088 a.
1678 2057 1786 2087 1222
1833 2044 2052 2101 episcopus

435 2116 771 2173 Transsylvanus
804 2116 962 2159 electus
994 2125 1069 2159 est.
1102 2114 1222 2159 Test.
1252 2130 1312 2159 nr.
1353 2129 1434 2172 144
1466 2113 1597 2174 (197)
1642 2125 1836 2158 narrante
1881 2114 2051 2171 episco-

436 2200 579 2244 patum
609 2186 953 2238 Varadinensem‚
985 2200 1083 2229 cum
1114 2185 1334 2229 fasciculus
1367 2186 1450 2228 hoc
1472 2183 1732 2236 scriberetur,
1749 2183 1883 2228 adhuc
1903 2183 2053 2229 Simon

433 2258 578 2301 tenuit.
622 2257 733 2310 Quia
781 2271 884 2300 vero
931 2256 999 2299 hic
1045 2256 1193 2300 Simon
1235 2271 1271 2302 a.
1322 2256 1432 2299 1218
1477 2254 1593 2307 obiit,
1636 2254 1880 2298 testimonia
1925 2253 2049 2298 huius

435 2327 616 2371 fasciculi
648 2337 743 2370 ante
777 2342 809 2370 a.
849 2328 956 2370 1218
991 2337 1110 2369 enata
1141 2337 1248 2369 sunt.
1281 2352 1339 2356 —
1381 2324 1586 2380 Propiora
1628 2334 1771 2367 tamen
1812 2323 1966 2368 indicia
2006 2324 2050 2368 in

432 2408 529 2444 test.
544 2413 603 2442 nr.
640 2411 720 2454 139
770 2395 900 2455 (192)
934 2407 975 2439 et
1010 2410 1086 2453 143
1124 2396 1240 2452 (196)
1258 2395 1500 2452 reperimus,
1522 2393 1640 2438 Test.
1659 2409 1720 2438 nr.
1749 2407 1828 2451 139
1851 2404 2046 2438 narrante

431 2467 669 2511 Alexander
701 2482 844 2509 comes
876 2466 990 2509 velut
1021 2466 1148 2510 iudex
1180 2481 1202 2509 a
1234 2480 1333 2523 rege
1366 2464 1600 2521 specialiter
1620 2464 1773 2507 missus
1795 2464 2048 2508 sententiam

433 2539 531 2583 fert.
557 2537 598 2580 in
631 2551 753 2580 causa
784 2536 1067 2579 habitatorum
1099 2536 1322 2579 comitatus
1354 2534 1689 2579 Szabolcsiensis.
1733 2533 1869 2577 Facile
1907 2534 2048 2592 liquet,

431 2608 541 2650 hunc
573 2607 668 2649 ideo
701 2606 986 2649 Alexandrum
1017 2607 1060 2648 in
1093 2606 1298 2649 comitatu
1330 2605 1469 2662 aliquo
1500 2604 1640 2647 vicino
1671 2618 1823 2647 munus
1855 2603 2046 2661 gessisse.
