2170 3210
451 159 516 194 162

448 301 547 346 dato
578 299 780 358 pristaldo
812 300 985 344 nomine
1019 300 1204 358 Gyopol,
1235 300 1323 344 filio
1343 300 1487 345 Nicus.
1511 300 1599 354 Qui
1619 301 1717 355 Bos,
1739 317 1835 346 cum
1857 302 2081 348 Waradini'

446 384 615 430 paratus
648 382 761 415 esset
791 372 942 425 iurare,
960 371 1305 429 praenominatus
1327 371 1445 425 Quid
1467 387 1565 415 cum
1585 371 1713 416 fratre
1733 388 1826 426 suo,
1846 374 2081 428 Herbono,

445 444 580 488 taliter
614 443 827 496 convenit,
858 442 974 502 quod
1003 443 1092 500 ipse
1130 443 1377 500 portionem
1409 458 1528 487 suam
1559 443 1602 486 in
1634 443 1807 501 praedio
1850 444 2073 503 Fegyner-

444 515 571 569 nuch,
602 529 709 574 quae
740 513 1000 559 hereditario
1032 514 1120 558 iure
1153 515 1292 571 ipsum
1323 515 1545 571 contingit,
1576 513 1695 558 fratri
1734 530 1813 559 suo
1855 516 2074 561 Herborto

443 587 714 646 relinqueret,
746 597 788 629 et
819 585 877 629 ita
907 585 1125 643 praedium
1155 586 1490 643 Fegyuernuch²
1520 601 1541 629 a
1568 585 1702 630 modo
1721 586 1851 644 ipsius
1872 587 2073 632 Herborti

442 659 556 703 foret
587 658 676 702 sine
708 657 930 715 participe3
961 657 1018 700 ita
1049 668 1205 710 tamen,
1227 656 1355 715 quod,
1376 657 1411 699 si
1431 657 1522 715 quis
1555 656 1607 701 de
1638 657 1722 700 iam
1754 656 1868 702 dicto
1899 657 2075 715 praedio

444 730 668 789 quicquam
710 729 960 787 requireret,
1001 728 1090 785 ipse
1134 727 1253 781 Quid
1296 727 1436 772 datam
1469 743 1490 771 a
1524 743 1569 772 se
1600 739 1767 785 partem
1810 729 1936 773 tueri’
1981 744 2077 773 non

442 812 670 846 teneretur.
702 800 927 843 Praeterea
958 798 1073 843 idem
1117 799 1234 853 Quid
1270 798 1490 843 dimidium
1522 814 1594 843 sue
1626 800 1833 857 portionis
1875 799 1920 844 in
1961 811 2077 844 terra

442 872 600 923 Baluc,3
630 886 776 915 versus
807 870 1024 924 Nesmer,4
1054 882 1224 914 retento
1256 870 1333 914 sibi
1363 871 1453 914 iure
1493 870 1741 924 molendini,
1784 870 1902 915 dedit
1943 871 2071 916 etiam

441 942 668 987 Herbordo
684 943 701 969 ⁵
733 953 774 985 et
804 942 862 986 ita
892 957 970 1000 pro
1001 942 1066 985 his
1099 941 1295 986 omnibus
1327 957 1452 999 saepe
1482 942 1568 986 iam
1599 941 1718 986 dictis
1762 941 1880 996 Quid
1911 942 2073 1000 recepit

442 1014 556 1058 solus
589 1028 800 1058 consensu
833 1024 875 1057 et
906 1028 1007 1071 pace
1039 1012 1178 1057 fratris
1201 1013 1265 1057 sui
1285 1013 1503 1070 praedium
1523 1013 1678 1071 Neueg
1699 1013 1900 1060 totaliter.
1917 1013 2079 1060 Amem

1079 1156 1155 1202 Nr.
1187 1170 1255 1201 20.
1288 1155 1432 1216 (259.)

583 1239 754 1294 Bothsa,
786 1239 951 1284 curialis
983 1254 1128 1284 comes
1171 1240 1304 1284 sancti
1348 1240 1718 1297 Protomartyris,1
1738 1240 1919 1298 impetiit
1960 1240 2077 1285 duos

439 1311 717 1369 ioubagiones
755 1310 982 1364 Laurentii,
1013 1311 1194 1355 scilicet:
1235 1311 1412 1354 Paulum
1443 1323 1487 1355 et
1518 1311 1698 1356 Kemam
1730 1311 1782 1356 de
1814 1311 1946 1356 bobus
1972 1311 2066 1356 fur-

437 1383 516 1426 tim
547 1382 704 1436 ablatis,
737 1394 779 1426 et
811 1393 983 1426 ostensa
1003 1383 1363 1439 praesumptione,
1383 1382 1564 1427 scilicet:
1596 1382 1788 1427 carnibus
1808 1383 1850 1427 in
1873 1381 2071 1427 domibus

437 1453 608 1497 illorum
640 1454 814 1511 copiose
845 1453 1042 1507 inventis,
1071 1452 1271 1507 Nuetlen‚
1303 1453 1466 1497 curialis
1498 1468 1643 1497 comes
1679 1452 1731 1497 de
1766 1453 1933 1508 Bichor,
1975 1453 2071 1498 sine

437 1524 606 1578 talione,
637 1536 683 1568 ut
714 1523 938 1582 pristaldus
969 1524 1086 1578 dixit,
1116 1524 1290 1569 nomine
1322 1524 1490 1578 Lucas,⁶
1529 1524 1645 1568 misit
1675 1524 1964 1581 Waradinum,
1995 1523 2072 1569 ubi.

437 1594 592 1639 Paulus
623 1595 871 1640 iustificatus
903 1606 979 1649 est,
1009 1596 1147 1639 Kema
1178 1610 1282 1639 vero
1314 1595 1507 1653 confugit
1538 1595 1592 1639 ad
1623 1595 1857 1639 ecclesiam.

1065 1736 1141 1780 Nr.
1177 1749 1247 1779 21.
1283 1735 1427 1795 (260.)

579 1820 741 1865 Rahina
772 1820 953 1878 impetiit
984 1819 1272 1864 convillanum
1304 1834 1440 1873 suurn,
1470 1820 1642 1863 Zamam
1675 1818 1726 1863 de
1761 1818 1860 1862 villa
1878 1819 2066 1863 Huruat²

436 1906 515 1949 pro
567 1892 724 1936 furtivo
769 1891 955 1947 dolabro,
998 1890 1201 1936 iudicibus
1248 1889 1446 1935 Gabriele
1489 1890 1636 1944 biloto,
1679 1901 1723 1934 et
1765 1888 1877 1935 Sebe
1919 1888 2070 1936 curiali.

436 1963 592 2008 comite
625 1962 676 2007 de
708 1963 907 2019 Carasna,
938 1961 1141 2019 pristaldo
1173 1961 1303 2006 Cuca.
1342 1960 1562 2005 Waradini
1603 1960 1764 2005 Rahina
1810 1959 2065 2018 subterfugit

433 2033 637 2079 iudicium
668 2033 769 2078 ferri
801 2033 1029 2087 candenti3‚
1060 2032 1202 2077 dicens
1235 2048 1280 2077 se
1311 2032 1464 2076 iniuste
1495 2033 1652 2075 Zaman
1682 2032 1930 2089 impetiisse.

576 2188 596 2238 ¹*
614 2189 849 2236 Fegyvernek
866 2200 977 2236 pagus
995 2189 1038 2224 ab
1058 2189 1194 2235 oppido
1214 2188 1408 2235 Szentjobb
1425 2187 1615 2223 meridiem
1632 2197 1753 2222 versus
1771 2187 1808 2222 in
1826 2197 1922 2222 com.
1940 2185 2067 2221 Bihar„

573 2248 588 2268 ²
613 2249 656 2284 In
682 2248 841 2284 editione
867 2249 1049 2295 principe:
1078 2255 1234 2283 nuere».

575 2308 589 2328 ³
615 2308 754 2354 Bdlyog
779 2319 891 2354 pagus
916 2309 1015 2343 iuxta
1040 2307 1193 2342 fluvium
1216 2307 1387 2353 Berettyo
1412 2307 1452 2341 in
1477 2317 1573 2341 com.
1600 2305 1717 2340 Bihar.

576 2368 591 2388 ⁴
617 2366 788 2402 Lecsmer
813 2377 925 2413 pagus
950 2367 1049 2402 iuxta
1073 2366 1228 2401 fluvium
1253 2366 1424 2412 Berettyo
1449 2365 1488 2399 in
1509 2375 1606 2400 com.
1624 2364 1767 2411 Szilzigy
1785 2363 1871 2399 alias
1889 2363 2068 2399 Krasznaa

574 2426 588 2446 ⁵
612 2426 654 2460 In
679 2425 842 2461 editione
868 2426 1029 2471 principe
1055 2436 1228 2460 erronee:
1255 2424 1436 2459 Bertoldo.

574 2485 588 2505 ⁶
613 2486 728 2532 Supra
753 2496 807 2520 nr.
838 2484 891 2519 18.

573 2544 585 2566 ⁷
612 2544 774 2579 Horvdth
801 2554 912 2590 pagus
938 2544 981 2578 ab
1007 2543 1142 2590 oppido
1169 2543 1329 2578 Kraszna
1354 2542 1545 2577 meridiem
1571 2552 1702 2577 versus.
