2170 3210
573 481 842 528 Notiones
875 479 1363 537 bibliographicae.

290 589 510 635 Editiones
541 589 739 647 Regestri
770 588 1073 633 Varadinensis
1106 599 1204 632 sunt
1236 598 1486 646 sequentes:

288 662 319 708 Ι.
355 661 495 706 Editio
528 662 723 719 princeps
756 661 858 705 anni
896 674 912 703 1
924 674 943 717 5
954 674 1020 718 50,
1051 660 1094 703 in
1139 659 1255 703 aditu
1304 659 1427 717 hujus
1470 658 1563 704 libri
1607 674 1682 717 per
1714 674 1796 702 nos

146 735 199 780 de
244 745 348 792 typo
394 733 447 778 ad
490 745 639 791 typum
683 732 866 777 fideliter
912 747 1077 776 excusa.
1120 731 1255 789 Hujus
1298 731 1496 775 editionis
1539 730 1796 789 exemplaria

146 807 358 852 rarissima
415 805 714 850 custodiuntur
769 806 813 849 in
865 799 1153 848 bibliothecis:
1206 803 1463 848 Academiae
1520 804 1795 849 scientiarum

148 878 430 936 Hungaricae,
461 877 762 922 Universitatis
803 876 1188 934 Budapestinensis‚
1225 876 1455 920 Primatiali
1500 876 1796 934 Strigoniensi‚

145 950 372 995 Districtus
395 950 518 996 Helv.
541 949 670 995 Conf.
691 949 996 1003 Transsilvani,
1018 949 1188 993 Ducum
1210 948 1468 1006 Eszterhazy
1484 949 1527 992 in
1544 949 1796 993 Kismarton

146 1022 298 1083 (Conf.
331 1021 512 1067 Carolus
545 1021 702 1067 Szabo:
736 1021 844 1079 Regi
875 1022 1055 1079 Magyar
1086 1021 1312 1078 Konyvtar
1343 1020 1394 1066 ΙΙ.
1432 1020 1533 1080 11.).

288 1094 337 1139 H.
364 1093 610 1138 Editionem
630 1092 860 1138 secundam
884 1093 1047 1137 curavit
1062 1093 1247 1137 Mathias
1268 1093 1340 1137 Bel
1362 1093 1405 1136 in
1428 1108 1502 1136 sua
1525 1092 1796 1146 collectione,

149 1168 267 1226 cujus
299 1167 470 1211 titulus:
506 1165 773 1223 «Adparatus
806 1165 860 1210 ad
904 1165 1145 1210 Historiam
1189 1165 1434 1223 Hungariae
1482 1165 1602 1222 (Dec.
1634 1165 1666 1210 I.
1698 1180 1793 1223 pag.

154 1240 414 1297 191—278),
436 1238 615 1282 Posonii
643 1252 765 1297 1735.
787 1237 861 1281 Bel
886 1237 1084 1295 apposuit
1106 1249 1360 1295 argumento
1382 1237 1561 1295 regestri
1589 1252 1794 1281 numeros

152 1313 250 1370 389,
280 1311 429 1371 quibus
462 1311 710 1355 testimonia
744 1310 950 1362 distinxit,
982 1310 1071 1354 imo
1116 1309 1261 1367 potius
1305 1324 1510 1354 numeros
1554 1323 1655 1367 414,
1700 1309 1795 1369 quia

147 1384 277 1429 etiam
296 1382 473 1428 ulterius
492 1381 813 1427 benedictiones
836 1393 878 1426 et
901 1382 1131 1435 orationes,
1153 1381 1364 1440 Regestro
1387 1381 1586 1435 adiectas,
1605 1381 1795 1425 numeris

148 1455 342 1514 signavit.
356 1454 763 1499 Animadversiones
782 1455 1014 1509 censorias,
1029 1465 1129 1498 tunc
1143 1455 1349 1512 temporis
1362 1454 1484 1498 valde
1500 1453 1797 1508 aestimandas,

148 1527 297 1588 quibus
329 1543 430 1571 usus
462 1526 615 1582 fuerat,
648 1527 757 1571 sicut
790 1528 1002 1585 expressis
1034 1525 1175 1571 verbis
1207 1527 1249 1570 in
1293 1526 1558 1584 praefatione
1597 1541 1795 1571 comme-

149 1611 305 1653 morat,
349 1599 424 1644 Bel
468 1598 518 1643 ab
564 1598 853 1642 eruditissimo
898 1609 1066 1642 rectore
1110 1598 1220 1655 lycei
1267 1598 1557 1652 Posoniensis,
1601 1598 1795 1655 Johanne

148 1671 335 1729 Szaszky
367 1672 556 1729 accepit3
589 1671 670 1714 hae
702 1670 752 1714 ab
775 1686 829 1715 eo
853 1669 1080 1728 diligenter
1112 1669 1378 1724 emendatae,
1398 1670 1553 1727 partim
1575 1682 1795 1715 correctae

146 1755 190 1788 et
221 1743 421 1789 adauctae
455 1754 564 1788 sunt.
608 1742 750 1786 Hodie
783 1753 927 1786 tamen
958 1741 1159 1800 plurimas
1191 1742 1342 1786 harum
1377 1741 1795 1786 animadversionum

147 1815 376 1869 obsoletas,
407 1815 868 1873 interpretationesque
900 1814 1100 1858 locorum
1131 1814 1203 1857 vix
1235 1813 1408 1858 alicuius
1441 1808 1651 1858 morrfenti
1685 1830 1796 1868 esse,

146 1887 205 1932 nil
234 1888 402 1932 mirum.

288 1960 357 2004 ΠΙ.
393 1959 534 2004 Editio
568 1961 693 2004 tertia
726 1971 791 2004 est
823 1975 847 2003 a
878 1959 1097 2017 Stephano
1130 1959 1368 2014 Endlicher‚
1400 1960 1472 2019 qui
1491 1960 1604 2005 hunc
1627 1960 1795 2006 fontem

147 2032 361 2090 insignem
391 2033 436 2076 in
467 2031 700 2076 collectitio
735 2046 866 2089 opere
899 2047 1002 2076 suo:
1039 2032 1224 2077 «Rerum
1258 2033 1595 2091 Hungaricarum
1626 2033 1793 2077 Monu-

145 2115 291 2148 meuta
322 2103 588 2163 Arpadiana»
615 2104 726 2162 (pag.
751 2102 1024 2163 640—742).
1056 2105 1267 2162 impresso
1301 2104 1487 2163 Sangalli
1508 2121 1542 2150 a.
1571 2105 1679 2163 1849
1702 2105 1793 2149 lec-

147 2175 312 2220 toribus
346 2175 546 2220 exhibuit.
580 2176 919 2219 Monumentum
952 2187 1149 2220 nostrum
1182 2176 1250 2220 hic
1283 2176 1368 2220 loci
1414 2177 1699 2234 «Regestrum
1741 2177 1793 2220 de

145 2246 289 2292 Varad
325 2261 644 2306 1201—1235»
679 2247 1001 2305 inscriptionem
1033 2247 1234 2306 adeptum
1267 2261 1332 2293 est
1365 2261 1408 2293 et
1441 2250 1611 2293 omissis
1657 2249 1794 2293 bene·-

146 2320 400 2365 dictionibus
424 2330 550 2378 atque
574 2318 841 2363 orationibus
864 2320 1033 2364 numeri
1054 2320 1164 2378 apud
1184 2320 1298 2365 hunc
1321 2320 1532 2365 editorem
1556 2321 1794 2365 extendunt

145 2408 192 2437 se
225 2403 391 2436 tantum
422 2391 475 2435 ad
509 2391 605 2449 389.
637 2391 1087 2436 Animadversionibus
1120 2393 1298 2437 omnino
1332 2404 1458 2438 caret.

287 2463 362 2509 IV.
393 2463 642 2507 Novissime
675 2463 890 2507 mandavit
929 2464 1039 2521 typis
1084 2464 1320 2509 editionem
1364 2476 1556 2524 quartam
1602 2465 1795 2509 Societas

145 2536 278 2580 sancti
310 2534 516 2593 Stephani
547 2535 856 2593 interpretante
888 2547 1128 2593 regestrum
1158 2536 1319 2593 jacobo
1364 2536 1548 2590 Kandra‚
1594 2537 1794 2581 titulum-

145 2623 228 2667 que
246 2606 486 2664 adscripsit:
512 2607 576 2650 «Α
597 2606 755 2650 Varadi
773 2607 1058 2665 Regestrum»
1079 2607 1386 2668 (Budapestini,
1413 2609 1536 2665 1898.
1561 2608 1795 2653 80XXXII.

150 2678 267 2739 519).
289 2680 503 2736 Interpres
524 2678 602 2722 hac
625 2679 667 2722 in
688 2678 878 2724 editione
900 2691 1095 2738 regestro
1114 2680 1208 2737 ipso
1225 2681 1433 2738 pretiosas
1452 2680 1794 2725 elucubrationes
