2170 3210
1765 146 1810 193 89

306 294 354 338 ln
386 293 587 338 fasciculo
621 294 772 352 quinto
804 303 900 338 test.
939 307 1000 337 nr.
1047 305 1284 350 229—234
1327 291 1372 351 (1
1386 291 1612 352 1o-115)
1655 306 1811 349 agmen

165 365 280 411 ducit
318 365 617 410 testimonium
650 379 734 422 229
781 363 928 425 (110),
974 378 1146 408 causam
1190 363 1293 407 laesi
1333 363 1434 407 iuris
1481 364 1810 421 possessionarii

163 437 367 484 referens.
390 438 510 483 Haec
532 453 656 482 causa
675 449 763 482 tam
783 437 927 495 magni
947 436 1160 481 momenti
1181 436 1225 480 in
1248 435 1382 480 oculis
1403 436 1559 480 notarii
1572 436 1809 480 memoria-

165 525 250 570 que
294 509 421 568 digna
468 509 560 563 fuit,
604 521 651 554 ut
695 524 854 554 annum
897 508 1097 553 distincte
1143 520 1187 552 et
1231 519 1377 566 aperte
1411 507 1687 566 descriptioni
1718 508 1810 552 eius

163 597 381 641 apponere
413 581 703 626 necessarium
733 580 901 625 duxerit
932 580 1076 639 sicque
1123 580 1252 624 etiarn
1295 579 1419 624 nobis
1467 590 1620 624 notum
1662 579 1809 624 reddi-

165 653 286 700 derit.
317 654 448 697 Anno
482 653 593 707 huic,
625 652 822 698 distincte
854 652 983 696 etiam
1015 652 1183 710 signato
1216 650 1396 712 (nempe
1441 651 1577 711 1219)
1621 652 1810 710 apprime

164 724 429 771 concordant
461 737 555 771 test.
588 740 650 772 nr.
682 738 767 784 232
801 724 935 784 (113)
957 735 1001 768 et
1021 738 1104 783 233
1132 723 1266 784 (114)
1288 739 1471 783 quoque,
1495 739 1602 783 quae
1623 723 1810 769 Tobiam

163 798 371 842 comitem
402 797 602 842 curialem
633 796 1004 851 Szolnokiensem,
1036 795 1210 840 Kolked
1239 811 1345 840 vero
1378 799 1586 841 comitem
1608 796 1811 840 curialem

163 870 455 915 Bihariensem
486 880 742 915 memorant.
773 869 902 914 Felici
938 880 1056 914 sorte
1100 884 1232 926 porro
1279 868 1404 912 huius
1450 867 1635 912 fasciculi
1681 869 1811 913 etiam

164 957 358 987 mensem
404 941 688 986 determinare
731 957 971 1000 possumus.
1017 941 1340 985 Testimonium
1385 940 1501 984 enim
1543 953 1624 998 233
1677 939 1812 1001 (114)

163 1025 310 1073 aperte
343 1014 455 1068 dicit,
485 1029 609 1058 reum
639 1026 739 1072 post
769 1025 990 1072 portatum
1021 1012 1182 1058 ferrum
1214 1012 1399 1057 candens
1442 1012 1669 1056 Dominica
1721 1012 1813 1056 «Da

164 1101 343 1144 pacem»
400 1086 644 1144 porrexisse
697 1101 848 1130 manus
905 1085 959 1130 ad
1015 1084 1280 1129 solutionem
1334 1096 1378 1129 et
1424 1084 1811 1142 investigationem.

163 1158 392 1203 Dominica
423 1172 529 1202 vero
566 1158 657 1202 «Da
690 1173 867 1215 pacem»
903 1173 1015 1202 anno
1050 1171 1160 1215 1219
1194 1159 1238 1201 in
1269 1157 1385 1202 diem
1418 1170 1575 1214 29-am
1607 1156 1810 1214 Septem-

165 1229 250 1274 bris
280 1228 440 1274 incidit.

310 1375 631 1428 Testimonia
649 1393 707 1442 23
724 1394 930 1446 5—279
953 1377 1279 1446 (235—-239‚
1309 1391 1607 1442 240—243‚
1636 1391 1813 1442 244—-

166 1477 284 1529 253,
348 1462 646 1529 254——258,
711 1463 1009 1529 259——263‚
1069 1463 1349 1527 264——279
1403 1481 1459 1493 =2
1518 1475 1811 1526 105——1o9‚

173 1561 466 1612 121—124,
497 1561 720 1614 50—59‚
756 1563 774 1596 1
793 1549 1049 1605 16-120,
1073 1546 1364 1611 186—190,
1388 1542 1617 1611 13—28)
1633 1542 1811 1612 scripta

163 1645 299 1680 anno
347 1644 494 1682 1220.

307 1736 483 1779 Fascem
515 1735 865 1779 testimoniorum
882 1735 981 1778 anni
1007 1747 1132 1787 1220,
1155 1745 1201 1777 ut
1220 1733 1366 1778 videre
1390 1734 1501 1788 licet,
1523 1733 1711 1777 fasciculi
1732 1749 1809 1777 sex

169 1807 446 1852 constituunt.

309 1879 573 1923 Fasciculum
611 1879 962 1924 testimoniorum
1008 1892 1059 1935 23
1070 1891 1242 1936 5-239
1292 1877 1371 1938 (=
1412 1878 1667 1938 105-—109)
1700 1892 1812 1921 anno

172 1963 284 1994 1220
317 1950 447 1995 fuisse
481 1952 702 2008 scriptum,
734 1950 832 1994 ideo
887 1950 1126 2004 asserimus,
1171 1950 1280 2008 quia,
1322 1950 1423 1994 licet
1472 1950 1515 1993 in
1548 1949 1683 1994 causis
1717 1960 1812 1993 test.

165 2037 226 2067 nr.
260 2024 346 2081 236
379 2021 514 2083 (106)
549 2035 591 2066 et
626 2036 710 2081 239
752 2021 885 2081 (109)
933 2021 1105 2066 Kolked
1149 2036 1296 2066 comes
1345 2021 1510 2066 curialis
1555 2020 1813 2065 Bihariensis

165 2093 349 2139 iudicem
383 2095 520 2152 egerit
553 2106 596 2138 et
637 2093 810 2153 quidem
855 2109 1038 2138 unacum
1071 2093 1243 2138 bilocho
1288 2094 1503 2148 Farkasio,
1548 2108 1661 2137 anno
1701 2105 1810 2147 1219

165 2178 422 2218 memorato,
457 2178 602 2210 tamen
632 2166 676 2210 in
709 2181 833 2210 causa
865 2176 958 2210 test.
992 2180 1051 2210 nr.
1098 2167 1184 2224 238
1218 2165 1351 2226 (108)
1395 2167 1482 2210 iam
1524 2181 1613 2210 non
1650 2164 1813 2208 Tobias

166 2237 242 2282 sed
273 2239 390 2292 alter,
421 2238 574 2283 Vitalis
607 2253 776 2295 nempe,
809 2253 957 2282 comes
1000 2237 1165 2282 curialis
1198 2238 1522 2282 Szolnokiensis
1555 2236 1813 2282 sententiam

166 2308 260 2354 fert.
313 2309 478 2354 Causae
526 2325 632 2368 ergo
679 2310 838 2353 horum
901 2309 1251 2354 testimoniorum
1296 2322 1397 2354 tunc
1448 2310 1664 2368 agebatur,
1711 2323 1809 2352 cum

166 2380 342 2435 TobiaS,
372 2382 487 2439 prius
519 2397 666 2426 comes
700 2381 865 2426 curialis
890 2380 1229 2436 Szolnokiensi3‚
1251 2397 1406 2426 munus
1440 2397 1565 2425 suum
1592 2381 1676 2424 iam
1699 2380 1811 2423 ami-

165 2453 280 2504 serit,
314 2464 356 2496 at
387 2453 559 2498 Kolked
590 2454 633 2497 in
665 2454 873 2498 comitatu
908 2453 1035 2497 Bihar
1067 2453 1209 2498 eidem
1241 2454 1409 2498 muneri
1443 2453 1579 2498 adhuc
1611 2452 1809 2509 praefuit.

165 2524 360 2582 Tempus
393 2536 536 2569 autem
567 2525 652 2570 hoc
683 2525 805 2569 initio
840 2525 937 2568 anni
975 2538 1099 2578 1220,
1143 2537 1190 2569 ut
1223 2526 1352 2569 etiam
1385 2525 1645 2584 subsequens
1680 2524 1810 2567 fasci-

166 2596 284 2641 culus
317 2609 489 2655 quartus
520 2597 727 2656 indigitat,
773 2596 1020 2654 respondet.
1067 2598 1273 2655 Apprime
1322 2597 1523 2641 convenit
1567 2596 1665 2640 huic
1698 2611 1810 2639 anno

171 2681 283 2713 1220
316 2669 447 2712 etiam
480 2669 775 2713 testimonium
821 2684 881 2715 nr.
915 2682 998 2727 237
1034 2667 1167 2728 (107)
1212 2669 1264 2713 de
1310 2669 1443 2713 Paulo
1491 2668 1608 2712 velut
1653 2668 1811 2711 comite
