<?xml version="1.0" encoding="UTF-8"?>
<!DOCTYPE html PUBLIC "-//W3C//DTD XHTML 1.0 Transitional//EN"
    "http://www.w3.org/TR/xhtml1/DTD/xhtml1-transitional.dtd">
<html xmlns="http://www.w3.org/1999/xhtml" xml:lang="en" lang="en">
 <head>
  <title>
</title>
<meta http-equiv="Content-Type" content="text/html;charset=utf-8" />
  <meta name='ocr-system' content='tesseract 3.04.00' />
  <meta name='ocr-capabilities' content='ocr_page ocr_carea ocr_par ocr_line ocrx_word'/>
</head>
<body>
  <div class='ocr_page' id='page_1' title='image "./regestrumvaradin00nagyuoft_0458.png"; bbox 0 0 2170 3210; ppageno 0'>
   <div class='ocr_carea' id='block_1_1' title="bbox 451 165 520 199">
    <p class='ocr_par' dir='ltr' id='par_1_1' title="bbox 451 165 520 199">
     <span class='ocr_line' id='line_1_1' title="bbox 451 165 520 199; baseline 0 0"><span class='ocrx_word' id='word_1_1' title='bbox 451 165 520 199; x_wconf 83' lang='lat'><strong>282</strong></span> 
     </span>
    </p>
   </div>
   <div class='ocr_carea' id='block_1_2' title="bbox 451 307 2077 437">
    <p class='ocr_par' dir='ltr' id='par_1_2' title="bbox 451 307 2077 437">
     <span class='ocr_line' id='line_1_2' title="bbox 452 307 2077 356; baseline 0.002 -4"><span class='ocrx_word' id='word_1_2' title='bbox 452 308 627 352; x_wconf 91' lang='lat' dir='ltr'><strong>nomine</strong></span> <span class='ocrx_word' id='word_1_3' title='bbox 660 307 836 351; x_wconf 87' lang='lat' dir='ltr'><strong>Petrum</strong></span> <span class='ocrx_word' id='word_1_4' title='bbox 868 307 919 351; x_wconf 91' lang='lat' dir='ltr'><strong>de</strong></span> <span class='ocrx_word' id='word_1_5' title='bbox 954 307 1048 351; x_wconf 86' lang='lat' dir='ltr'><strong>villa</strong></span> <span class='ocrx_word' id='word_1_6' title='bbox 1079 308 1199 351; x_wconf 74' lang='lat' dir='ltr'><strong>Kerl</strong></span> <span class='ocrx_word' id='word_1_7' title='bbox 1232 308 1283 352; x_wconf 86' lang='lat' dir='ltr'><strong>ad</strong></span> <span class='ocrx_word' id='word_1_8' title='bbox 1315 323 1493 352; x_wconf 88' lang='lat' dir='ltr'><strong>examen</strong></span> <span class='ocrx_word' id='word_1_9' title='bbox 1525 309 1625 353; x_wconf 88' lang='lat' dir='ltr'><strong>ferri</strong></span> <span class='ocrx_word' id='word_1_10' title='bbox 1669 309 1884 355; x_wconf 89' lang='lat' dir='ltr'><strong>candentis</strong></span> <span class='ocrx_word' id='word_1_11' title='bbox 1920 311 2077 356; x_wconf 86' lang='lat' dir='ltr'><strong>Wara-</strong></span> 
     </span>
     <span class='ocr_line' id='line_1_3' title="bbox 451 378 1802 437; baseline 0.001 -14"><span class='ocrx_word' id='word_1_12' title='bbox 451 379 621 423; x_wconf 86' lang='lat' dir='ltr'><strong>dinum:</strong></span> <span class='ocrx_word' id='word_1_13' title='bbox 654 378 724 422; x_wconf 91' lang='lat' dir='ltr'><strong>ubi</strong></span> <span class='ocrx_word' id='word_1_14' title='bbox 755 378 889 422; x_wconf 91' lang='lat' dir='ltr'><strong>homo</strong></span> <span class='ocrx_word' id='word_1_15' title='bbox 922 379 1075 432; x_wconf 88' lang='lat' dir='ltr'>Rome,</span> <span class='ocrx_word' id='word_1_16' title='bbox 1104 391 1275 437; x_wconf 91' lang='lat' dir='ltr'><strong>portato</strong></span> <span class='ocrx_word' id='word_1_17' title='bbox 1309 380 1438 432; x_wconf 91' lang='lat' dir='ltr'><strong>ferro,</strong></span> <span class='ocrx_word' id='word_1_18' title='bbox 1469 379 1695 424; x_wconf 85' lang='lat' dir='ltr'><strong>mundatus</strong></span> <span class='ocrx_word' id='word_1_19' title='bbox 1727 392 1802 426; x_wconf 89' lang='lat' dir='ltr'><strong>est.</strong></span> 
     </span>
    </p>
   </div>
   <div class='ocr_carea' id='block_1_3' title="bbox 449 545 2081 2025">
    <p class='ocr_par' dir='ltr' id='par_1_3' title="bbox 1074 545 1460 606">
     <span class='ocr_line' id='line_1_4' title="bbox 1074 545 1460 606; baseline 0.005 -17"><span class='ocrx_word' id='word_1_20' title='bbox 1074 545 1152 591; x_wconf 90' lang='lat' dir='ltr'><strong>Nr.</strong></span> <span class='ocrx_word' id='word_1_21' title='bbox 1189 560 1282 604; x_wconf 86' lang='lat'><strong>340.</strong></span> <span class='ocrx_word' id='word_1_22' title='bbox 1316 545 1460 606; x_wconf 84' lang='lat'><strong>(237.)</strong></span> 
     </span>
    </p>

    <p class='ocr_par' dir='ltr' id='par_1_4' title="bbox 449 627 2081 2025">
     <span class='ocr_line' id='line_1_5' title="bbox 594 627 2079 685; baseline 0.002 -14"><span class='ocrx_word' id='word_1_23' title='bbox 594 627 775 681; x_wconf 79' lang='lat' dir='ltr'><strong>Zabaria,</strong></span> <span class='ocrx_word' id='word_1_24' title='bbox 808 627 896 671; x_wconf 92' lang='lat' dir='ltr'><strong>filio</strong></span> <span class='ocrx_word' id='word_1_25' title='bbox 928 628 1099 684; x_wconf 91' lang='lat' dir='ltr'><strong>Joannis</strong></span> <span class='ocrx_word' id='word_1_26' title='bbox 1145 628 1198 672; x_wconf 92' lang='lat' dir='ltr'><strong>de</strong></span> <span class='ocrx_word' id='word_1_27' title='bbox 1240 629 1336 672; x_wconf 90' lang='lat' dir='ltr'><strong>villa</strong></span> <span class='ocrx_word' id='word_1_28' title='bbox 1379 630 1556 685; x_wconf 78' lang='lat' dir='ltr'><strong>Jarum,2</strong></span> <span class='ocrx_word' id='word_1_29' title='bbox 1601 631 1691 673; x_wconf 90' lang='lat' dir='ltr'><strong>sine</strong></span> <span class='ocrx_word' id='word_1_30' title='bbox 1735 628 1855 674; x_wconf 92' lang='lat' dir='ltr'><strong>omni</strong></span> <span class='ocrx_word' id='word_1_31' title='bbox 1897 629 2079 674; x_wconf 88' lang='lat' dir='ltr'><strong>haerede</strong></span> 
     </span>
     <span class='ocr_line' id='line_1_6' title="bbox 451 699 2078 757; baseline 0.001 -13"><span class='ocrx_word' id='word_1_32' title='bbox 451 711 640 753; x_wconf 92' lang='lat' dir='ltr'><strong>mortuo,</strong></span> <span class='ocrx_word' id='word_1_33' title='bbox 671 715 780 743; x_wconf 89' lang='lat' dir='ltr'><strong>uxor</strong></span> <span class='ocrx_word' id='word_1_34' title='bbox 813 700 901 743; x_wconf 88' lang='lat' dir='ltr'><strong>eius</strong></span> <span class='ocrx_word' id='word_1_35' title='bbox 933 701 1076 757; x_wconf 89' lang='lat' dir='ltr'><strong>nupsit</strong></span> <span class='ocrx_word' id='word_1_36' title='bbox 1107 700 1220 744; x_wconf 93' lang='lat' dir='ltr'><strong>Mico</strong></span> <span class='ocrx_word' id='word_1_37' title='bbox 1252 699 1342 744; x_wconf 89' lang='lat' dir='ltr'><strong>filio</strong></span> <span class='ocrx_word' id='word_1_38' title='bbox 1374 701 1553 747; x_wconf 87' lang='lat' dir='ltr'><strong>Nicolai.</strong></span> <span class='ocrx_word' id='word_1_39' title='bbox 1585 701 1674 755; x_wconf 86' lang='lat' dir='ltr'><strong>Qui</strong></span> <span class='ocrx_word' id='word_1_40' title='bbox 1704 701 1818 746; x_wconf 90' lang='lat' dir='ltr'><strong>Mico</strong></span> <span class='ocrx_word' id='word_1_41' title='bbox 1848 713 1890 746; x_wconf 92' lang='lat' dir='ltr'><strong>et</strong></span> <span class='ocrx_word' id='word_1_42' title='bbox 1913 701 2078 754; x_wconf 86' lang='lat' dir='ltr'><strong>Paulus,</strong></span> 
     </span>
     <span class='ocr_line' id='line_1_7' title="bbox 449 771 2080 829; baseline 0.001 -14"><span class='ocrx_word' id='word_1_43' title='bbox 449 771 582 815; x_wconf 84' lang='lat' dir='ltr'><strong>frater</strong></span> <span class='ocrx_word' id='word_1_44' title='bbox 614 772 762 815; x_wconf 87' lang='lat' dir='ltr'><strong>uxoris</strong></span> <span class='ocrx_word' id='word_1_45' title='bbox 795 771 898 825; x_wconf 78' lang='lat' dir='ltr'><strong>eiUS,</strong></span> <span class='ocrx_word' id='word_1_46' title='bbox 930 782 1147 815; x_wconf 87' lang='lat' dir='ltr'><strong>traxerunt</strong></span> <span class='ocrx_word' id='word_1_47' title='bbox 1179 772 1224 815; x_wconf 88' lang='lat' dir='ltr'><strong>in</strong></span> <span class='ocrx_word' id='word_1_48' title='bbox 1255 786 1423 815; x_wconf 85' lang='lat' dir='ltr'><strong>causam</strong></span> <span class='ocrx_word' id='word_1_49' title='bbox 1466 772 1734 816; x_wconf 87' lang='lat' dir='ltr'><strong>nominatum</strong></span> <span class='ocrx_word' id='word_1_50' title='bbox 1775 773 1995 829; x_wconf 78' lang='lat' dir='ltr'><strong>joannem,</strong></span> <span class='ocrx_word' id='word_1_51' title='bbox 2037 784 2080 817; x_wconf 90' lang='lat' dir='ltr'><strong>et</strong></span> 
     </span>
     <span class='ocr_line' id='line_1_8' title="bbox 449 841 2080 901; baseline 0.001 -15"><span class='ocrx_word' id='word_1_52' title='bbox 449 842 629 886; x_wconf 88' lang='lat' dir='ltr'><strong>fratrem</strong></span> <span class='ocrx_word' id='word_1_53' title='bbox 658 843 801 900; x_wconf 86' lang='lat' dir='ltr'><strong>ipsius,</strong></span> <span class='ocrx_word' id='word_1_54' title='bbox 823 843 1013 886; x_wconf 86' lang='lat' dir='ltr'><strong>[romom</strong></span> <span class='ocrx_word' id='word_1_55' title='bbox 1035 841 1315 896; x_wconf 83' lang='lat' dir='ltr'>sacerdotem,</span> <span class='ocrx_word' id='word_1_56' title='bbox 1333 857 1410 899; x_wconf 89' lang='lat' dir='ltr'><strong>pro</strong></span> <span class='ocrx_word' id='word_1_57' title='bbox 1434 843 1641 887; x_wconf 88' lang='lat' dir='ltr'><strong>dotaliciis</strong></span> <span class='ocrx_word' id='word_1_58' title='bbox 1662 843 1873 901; x_wconf 85' lang='lat' dir='ltr'>praefatae</span> <span class='ocrx_word' id='word_1_59' title='bbox 1894 843 2080 888; x_wconf 89' lang='lat' dir='ltr'><strong>mulieris</strong></span> 
     </span>
     <span class='ocr_line' id='line_1_9' title="bbox 451 913 2081 972; baseline 0.002 -15"><span class='ocrx_word' id='word_1_60' title='bbox 451 925 549 957; x_wconf 88' lang='lat' dir='ltr'><strong>ante</strong></span> <span class='ocrx_word' id='word_1_61' title='bbox 580 913 868 958; x_wconf 84' lang='lat' dir='ltr'><strong>Alexandrum</strong></span> <span class='ocrx_word' id='word_1_62' title='bbox 900 913 1251 957; x_wconf 89' lang='lat' dir='ltr'><strong>Waradinensem</strong></span> <span class='ocrx_word' id='word_1_63' title='bbox 1289 914 1547 972; x_wconf 91' lang='lat' dir='ltr'><strong>episcopum.</strong></span> <span class='ocrx_word' id='word_1_64' title='bbox 1579 915 1674 972; x_wconf 92' lang='lat' dir='ltr'><strong>Ipse</strong></span> <span class='ocrx_word' id='word_1_65' title='bbox 1718 926 1860 959; x_wconf 83' lang='lat' dir='ltr'><strong>autem</strong></span> <span class='ocrx_word' id='word_1_66' title='bbox 1903 914 2081 960; x_wconf 88' lang='lat' dir='ltr'><strong>eandem</strong></span> 
     </span>
     <span class='ocr_line' id='line_1_10' title="bbox 449 984 2080 1042; baseline 0 -13"><span class='ocrx_word' id='word_1_67' title='bbox 449 1001 620 1029; x_wconf 87' lang='lat' dir='ltr'><strong>causam</strong></span> <span class='ocrx_word' id='word_1_68' title='bbox 653 984 863 1042; x_wconf 87' lang='lat' dir='ltr'><strong>delegavit</strong></span> <span class='ocrx_word' id='word_1_69' title='bbox 894 984 1125 1042; x_wconf 90' lang='lat' dir='ltr'><strong>Stephan0‚</strong></span> <span class='ocrx_word' id='word_1_70' title='bbox 1157 984 1455 1029; x_wconf 88' lang='lat' dir='ltr'><strong>archidiacono</strong></span> <span class='ocrx_word' id='word_1_71' title='bbox 1489 997 1532 1029; x_wconf 92' lang='lat' dir='ltr'><strong>et</strong></span> <span class='ocrx_word' id='word_1_72' title='bbox 1564 1000 1806 1031; x_wconf 89' lang='lat' dir='ltr'><strong>oeconomo</strong></span> <span class='ocrx_word' id='word_1_73' title='bbox 1826 1001 1918 1038; x_wconf 90' lang='lat' dir='ltr'><strong>suo,</strong></span> <span class='ocrx_word' id='word_1_74' title='bbox 1937 985 2080 1030; x_wconf 89' lang='lat' dir='ltr'><strong>debito</strong></span> 
     </span>
     <span class='ocr_line' id='line_1_11' title="bbox 451 1055 2079 1114; baseline 0.001 -15"><span class='ocrx_word' id='word_1_75' title='bbox 451 1056 535 1100; x_wconf 88' lang='lat' dir='ltr'><strong>fine</strong></span> <span class='ocrx_word' id='word_1_76' title='bbox 585 1055 871 1101; x_wconf 87' lang='lat' dir='ltr'><strong>decidendam.</strong></span> <span class='ocrx_word' id='word_1_77' title='bbox 922 1055 983 1099; x_wconf 93' lang='lat' dir='ltr'><strong>Illi</strong></span> <span class='ocrx_word' id='word_1_78' title='bbox 1026 1071 1130 1099; x_wconf 88' lang='lat' dir='ltr'><strong>vero</strong></span> <span class='ocrx_word' id='word_1_79' title='bbox 1175 1071 1320 1099; x_wconf 90' lang='lat' dir='ltr'><strong>coram</strong></span> <span class='ocrx_word' id='word_1_80' title='bbox 1369 1056 1441 1099; x_wconf 91' lang='lat' dir='ltr'><strong>illo</strong></span> <span class='ocrx_word' id='word_1_81' title='bbox 1494 1057 1713 1100; x_wconf 88' lang='lat' dir='ltr'><strong>constituti</strong></span> <span class='ocrx_word' id='word_1_82' title='bbox 1756 1056 2079 1114; x_wconf 90' lang='lat' dir='ltr'><strong>responderunt,</strong></span> 
     </span>
     <span class='ocr_line' id='line_1_12' title="bbox 450 1126 2080 1185; baseline 0.001 -14"><span class='ocrx_word' id='word_1_83' title='bbox 450 1142 495 1171; x_wconf 90' lang='lat' dir='ltr'><strong>se</strong></span> <span class='ocrx_word' id='word_1_84' title='bbox 529 1127 652 1171; x_wconf 92' lang='lat' dir='ltr'><strong>dotes</strong></span> <span class='ocrx_word' id='word_1_85' title='bbox 683 1127 772 1170; x_wconf 93' lang='lat' dir='ltr'><strong>illas</strong></span> <span class='ocrx_word' id='word_1_86' title='bbox 804 1126 993 1170; x_wconf 87' lang='lat' dir='ltr'><strong>totaliter</strong></span> <span class='ocrx_word' id='word_1_87' title='bbox 1023 1126 1276 1184; x_wconf 86' lang='lat' dir='ltr'><strong>persolvisse</strong></span> <span class='ocrx_word' id='word_1_88' title='bbox 1309 1142 1453 1171; x_wconf 85' lang='lat' dir='ltr'><strong>coram</strong></span> <span class='ocrx_word' id='word_1_89' title='bbox 1484 1127 1648 1172; x_wconf 89' lang='lat' dir='ltr'><strong>idoneis</strong></span> <span class='ocrx_word' id='word_1_90' title='bbox 1681 1127 1856 1172; x_wconf 89' lang='lat' dir='ltr'><strong>testibus</strong></span> <span class='ocrx_word' id='word_1_91' title='bbox 1888 1127 1941 1172; x_wconf 91' lang='lat' dir='ltr'><strong>de</strong></span> <span class='ocrx_word' id='word_1_92' title='bbox 1972 1143 2080 1185; x_wconf 87' lang='lat' dir='ltr'><strong>pro-</strong></span> 
     </span>
     <span class='ocr_line' id='line_1_13' title="bbox 449 1197 2080 1257; baseline 0.001 -15"><span class='ocrx_word' id='word_1_93' title='bbox 449 1198 588 1242; x_wconf 87' lang='lat' dir='ltr'><strong>vincia</strong></span> <span class='ocrx_word' id='word_1_94' title='bbox 619 1198 821 1255; x_wconf 86' lang='lat' dir='ltr'><strong>ipsorum.</strong></span> <span class='ocrx_word' id='word_1_95' title='bbox 862 1197 1008 1251; x_wconf 92' lang='lat' dir='ltr'><strong>Quod,</strong></span> <span class='ocrx_word' id='word_1_96' title='bbox 1052 1213 1150 1242; x_wconf 90' lang='lat' dir='ltr'><strong>cum</strong></span> <span class='ocrx_word' id='word_1_97' title='bbox 1188 1197 1374 1242; x_wconf 89' lang='lat' dir='ltr'><strong>iamdicti</strong></span> <span class='ocrx_word' id='word_1_98' title='bbox 1417 1210 1582 1243; x_wconf 89' lang='lat' dir='ltr'><strong>actores</strong></span> <span class='ocrx_word' id='word_1_99' title='bbox 1626 1210 1844 1257; x_wconf 88' lang='lat' dir='ltr'><strong>negarent,</strong></span> <span class='ocrx_word' id='word_1_100' title='bbox 1885 1199 2080 1256; x_wconf 86' lang='lat' dir='ltr'><strong>Joannes,</strong></span> 
     </span>
     <span class='ocr_line' id='line_1_14' title="bbox 449 1269 2080 1328; baseline 0.001 -16"><span class='ocrx_word' id='word_1_101' title='bbox 449 1281 494 1312; x_wconf 90' lang='lat' dir='ltr'><strong>et</strong></span> <span class='ocrx_word' id='word_1_102' title='bbox 524 1269 690 1313; x_wconf 88' lang='lat' dir='ltr'><strong>Iromus</strong></span> <span class='ocrx_word' id='word_1_103' title='bbox 722 1269 822 1312; x_wconf 90' lang='lat' dir='ltr'><strong>iussi</strong></span> <span class='ocrx_word' id='word_1_104' title='bbox 853 1280 951 1312; x_wconf 91' lang='lat' dir='ltr'><strong>sunt</strong></span> <span class='ocrx_word' id='word_1_105' title='bbox 982 1280 1112 1313; x_wconf 91' lang='lat' dir='ltr'><strong>testes</strong></span> <span class='ocrx_word' id='word_1_106' title='bbox 1145 1284 1245 1312; x_wconf 91' lang='lat' dir='ltr'><strong>suos</strong></span> <span class='ocrx_word' id='word_1_107' title='bbox 1278 1269 1490 1314; x_wconf 88' lang='lat' dir='ltr'><strong>exhibere.</strong></span> <span class='ocrx_word' id='word_1_108' title='bbox 1524 1269 1701 1323; x_wconf 87' lang='lat' dir='ltr'><strong>Quibus.</strong></span> <span class='ocrx_word' id='word_1_109' title='bbox 1722 1269 1932 1323; x_wconf 85' lang='lat' dir='ltr'><strong>exhibitis,</strong></span> <span class='ocrx_word' id='word_1_110' title='bbox 1951 1284 2080 1328; x_wconf 90' lang='lat' dir='ltr'><strong>prae-</strong></span> 
     </span>
     <span class='ocr_line' id='line_1_15' title="bbox 451 1340 2080 1399; baseline 0 -15"><span class='ocrx_word' id='word_1_111' title='bbox 451 1340 562 1384; x_wconf 90' lang='lat' dir='ltr'><strong>fatus</strong></span> <span class='ocrx_word' id='word_1_112' title='bbox 594 1340 720 1384; x_wconf 92' lang='lat' dir='ltr'><strong>iudex</strong></span> <span class='ocrx_word' id='word_1_113' title='bbox 754 1340 985 1399; x_wconf 89' lang='lat' dir='ltr'><strong>delegatus,</strong></span> <span class='ocrx_word' id='word_1_114' title='bbox 1017 1341 1160 1398; x_wconf 89' lang='lat' dir='ltr'><strong>posuit</strong></span> <span class='ocrx_word' id='word_1_115' title='bbox 1191 1356 1316 1398; x_wconf 91' lang='lat' dir='ltr'><strong>super</strong></span> <span class='ocrx_word' id='word_1_116' title='bbox 1348 1341 1633 1385; x_wconf 86' lang='lat' dir='ltr'><strong>iuramentum</strong></span> <span class='ocrx_word' id='word_1_117' title='bbox 1663 1342 1791 1399; x_wconf 86' lang='lat' dir='ltr'><strong>ipsius</strong></span> <span class='ocrx_word' id='word_1_118' title='bbox 1823 1342 2009 1398; x_wconf 90' lang='lat' dir='ltr'><strong>Joannis,</strong></span> <span class='ocrx_word' id='word_1_119' title='bbox 2037 1351 2080 1385; x_wconf 92' lang='lat' dir='ltr'><strong>et</strong></span> 
     </span>
     <span class='ocr_line' id='line_1_16' title="bbox 450 1412 2080 1469; baseline 0.001 -14"><span class='ocrx_word' id='word_1_120' title='bbox 450 1412 583 1456; x_wconf 89' lang='lat' dir='ltr'><strong>Iromi</strong></span> <span class='ocrx_word' id='word_1_121' title='bbox 615 1423 658 1455; x_wconf 85' lang='lat' dir='ltr'><strong>et</strong></span> <span class='ocrx_word' id='word_1_122' title='bbox 689 1424 907 1469; x_wconf 90' lang='lat' dir='ltr'><strong>praeterea</strong></span> <span class='ocrx_word' id='word_1_123' title='bbox 939 1412 1088 1456; x_wconf 92' lang='lat' dir='ltr'><strong>decem</strong></span> <span class='ocrx_word' id='word_1_124' title='bbox 1110 1413 1296 1466; x_wconf 88' lang='lat' dir='ltr'><strong>testium,</strong></span> <span class='ocrx_word' id='word_1_125' title='bbox 1318 1413 1497 1456; x_wconf 87' lang='lat' dir='ltr'><strong>scilicet:</strong></span> <span class='ocrx_word' id='word_1_126' title='bbox 1519 1412 1642 1466; x_wconf 92' lang='lat' dir='ltr'><strong>Lodi,</strong></span> <span class='ocrx_word' id='word_1_127' title='bbox 1663 1413 1818 1457; x_wconf 89' lang='lat' dir='ltr'><strong>abbatis</strong></span> <span class='ocrx_word' id='word_1_128' title='bbox 1842 1412 1895 1456; x_wconf 93' lang='lat' dir='ltr'><strong>de</strong></span> <span class='ocrx_word' id='word_1_129' title='bbox 1915 1412 2080 1466; x_wconf 82' lang='lat' dir='ltr'><strong>Cholt‚³</strong></span> 
     </span>
     <span class='ocr_line' id='line_1_17' title="bbox 449 1483 2080 1541; baseline 0.001 -15"><span class='ocrx_word' id='word_1_130' title='bbox 449 1483 588 1527; x_wconf 91' lang='lat' dir='ltr'><strong>Hesce</strong></span> <span class='ocrx_word' id='word_1_131' title='bbox 621 1483 672 1527; x_wconf 92' lang='lat' dir='ltr'><strong>de</strong></span> <span class='ocrx_word' id='word_1_132' title='bbox 705 1483 801 1527; x_wconf 88' lang='lat' dir='ltr'><strong>villa</strong></span> <span class='ocrx_word' id='word_1_133' title='bbox 833 1483 993 1538; x_wconf 80' lang='lat' dir='ltr'><strong>Carol‚4</strong></span> <span class='ocrx_word' id='word_1_134' title='bbox 1025 1484 1157 1541; x_wconf 93' lang='lat' dir='ltr'><strong>Apae,</strong></span> <span class='ocrx_word' id='word_1_135' title='bbox 1198 1484 1350 1537; x_wconf 90' lang='lat' dir='ltr'><strong>Micae‚</strong></span> <span class='ocrx_word' id='word_1_136' title='bbox 1386 1484 1571 1540; x_wconf 90' lang='lat' dir='ltr'><strong>Joannis,</strong></span> <span class='ocrx_word' id='word_1_137' title='bbox 1610 1484 1826 1528; x_wconf 87' lang='lat' dir='ltr'><strong>Dominici</strong></span> <span class='ocrx_word' id='word_1_138' title='bbox 1869 1495 1912 1528; x_wconf 93' lang='lat' dir='ltr'><strong>et</strong></span> <span class='ocrx_word' id='word_1_139' title='bbox 1955 1483 2080 1527; x_wconf 87' lang='lat' dir='ltr'>Balad</span> 
     </span>
     <span class='ocr_line' id='line_1_18' title="bbox 450 1553 2077 1613; baseline 0.001 -16"><span class='ocrx_word' id='word_1_140' title='bbox 450 1553 502 1598; x_wconf 91' lang='lat' dir='ltr'><strong>de</strong></span> <span class='ocrx_word' id='word_1_141' title='bbox 535 1569 691 1612; x_wconf 88' lang='lat' dir='ltr'><strong>genere</strong></span> <span class='ocrx_word' id='word_1_142' title='bbox 724 1555 867 1609; x_wconf 88' lang='lat' dir='ltr'><strong>Borsa,</strong></span> <span class='ocrx_word' id='word_1_143' title='bbox 900 1554 1123 1608; x_wconf 87' lang='lat' dir='ltr'><strong>Leonardi‚</strong></span> <span class='ocrx_word' id='word_1_144' title='bbox 1156 1554 1208 1599; x_wconf 91' lang='lat' dir='ltr'><strong>de</strong></span> <span class='ocrx_word' id='word_1_145' title='bbox 1240 1570 1396 1613; x_wconf 87' lang='lat' dir='ltr'><strong>genere</strong></span> <span class='ocrx_word' id='word_1_146' title='bbox 1425 1554 1579 1607; x_wconf 90' lang='lat' dir='ltr'><strong>Zuord,</strong></span> <span class='ocrx_word' id='word_1_147' title='bbox 1600 1554 1814 1608; x_wconf 90' lang='lat' dir='ltr'><strong>Beliamin,</strong></span> <span class='ocrx_word' id='word_1_148' title='bbox 1847 1553 2077 1598; x_wconf 88' lang='lat' dir='ltr'><strong>sacerdotis</strong></span> 
     </span>
     <span class='ocr_line' id='line_1_19' title="bbox 449 1624 2076 1684; baseline 0.001 -16"><span class='ocrx_word' id='word_1_149' title='bbox 449 1624 502 1668; x_wconf 90' lang='lat' dir='ltr'><strong>de</strong></span> <span class='ocrx_word' id='word_1_150' title='bbox 529 1624 627 1669; x_wconf 89' lang='lat' dir='ltr'><strong>villa</strong></span> <span class='ocrx_word' id='word_1_151' title='bbox 648 1625 883 1683; x_wconf 85' lang='lat' dir='ltr'><strong>Zigholm‚5</strong></span> <span class='ocrx_word' id='word_1_152' title='bbox 903 1637 945 1670; x_wconf 95' lang='lat' dir='ltr'><strong>et</strong></span> <span class='ocrx_word' id='word_1_153' title='bbox 967 1626 1085 1670; x_wconf 91' lang='lat' dir='ltr'><strong>Pauli</strong></span> <span class='ocrx_word' id='word_1_154' title='bbox 1106 1626 1273 1670; x_wconf 90' lang='lat' dir='ltr'><strong>comitis</strong></span> <span class='ocrx_word' id='word_1_155' title='bbox 1296 1625 1347 1670; x_wconf 93' lang='lat' dir='ltr'><strong>de</strong></span> <span class='ocrx_word' id='word_1_156' title='bbox 1370 1641 1526 1683; x_wconf 88' lang='lat' dir='ltr'><strong>genere</strong></span> <span class='ocrx_word' id='word_1_157' title='bbox 1550 1625 1779 1684; x_wconf 86' lang='lat' dir='ltr'><strong>Smaragdi.</strong></span> <span class='ocrx_word' id='word_1_158' title='bbox 1803 1625 1892 1679; x_wconf 90' lang='lat' dir='ltr'><strong>Qui</strong></span> <span class='ocrx_word' id='word_1_159' title='bbox 1913 1640 2076 1681; x_wconf 89' lang='lat' dir='ltr'><strong>omnes,</strong></span> 
     </span>
     <span class='ocr_line' id='line_1_20' title="bbox 449 1695 2079 1755; baseline 0.001 -16"><span class='ocrx_word' id='word_1_160' title='bbox 449 1711 549 1740; x_wconf 89' lang='lat' dir='ltr'><strong>cum</strong></span> <span class='ocrx_word' id='word_1_161' title='bbox 573 1695 625 1740; x_wconf 91' lang='lat' dir='ltr'><strong>ad</strong></span> <span class='ocrx_word' id='word_1_162' title='bbox 644 1696 914 1754; x_wconf 89' lang='lat' dir='ltr'><strong>sepulchrum</strong></span> <span class='ocrx_word' id='word_1_163' title='bbox 934 1698 1065 1741; x_wconf 90' lang='lat' dir='ltr'><strong>sancti</strong></span> <span class='ocrx_word' id='word_1_164' title='bbox 1086 1696 1264 1741; x_wconf 89' lang='lat' dir='ltr'><strong>Ladislai</strong></span> <span class='ocrx_word' id='word_1_165' title='bbox 1284 1698 1396 1755; x_wconf 89' lang='lat' dir='ltr'><strong>regis</strong></span> <span class='ocrx_word' id='word_1_166' title='bbox 1418 1697 1592 1741; x_wconf 85' lang='lat' dir='ltr'><strong>iuraturi</strong></span> <span class='ocrx_word' id='word_1_167' title='bbox 1614 1697 1900 1750; x_wconf 88' lang='lat' dir='ltr'><strong>accessissent,</strong></span> <span class='ocrx_word' id='word_1_168' title='bbox 1926 1711 2079 1754; x_wconf 91' lang='lat' dir='ltr'><strong>saepe-</strong></span> 
     </span>
     <span class='ocr_line' id='line_1_21' title="bbox 451 1767 2079 1821; baseline 0.001 -11"><span class='ocrx_word' id='word_1_169' title='bbox 451 1767 638 1811; x_wconf 90' lang='lat' dir='ltr'><strong>iamdicti</strong></span> <span class='ocrx_word' id='word_1_170' title='bbox 669 1779 834 1811; x_wconf 90' lang='lat' dir='ltr'><strong>actores</strong></span> <span class='ocrx_word' id='word_1_171' title='bbox 866 1782 952 1812; x_wconf 93' lang='lat' dir='ltr'><strong>non</strong></span> <span class='ocrx_word' id='word_1_172' title='bbox 986 1769 1075 1812; x_wconf 84' lang='lat' dir='ltr'><strong>ausi</strong></span> <span class='ocrx_word' id='word_1_173' title='bbox 1106 1780 1203 1812; x_wconf 91' lang='lat' dir='ltr'><strong>sunt</strong></span> <span class='ocrx_word' id='word_1_174' title='bbox 1235 1784 1310 1812; x_wconf 91' lang='lat' dir='ltr'><strong>eos</strong></span> <span class='ocrx_word' id='word_1_175' title='bbox 1350 1768 1553 1821; x_wconf 89' lang='lat' dir='ltr'><strong>adiurare,</strong></span> <span class='ocrx_word' id='word_1_176' title='bbox 1597 1768 1777 1812; x_wconf 88' lang='lat' dir='ltr'><strong>scilicet:</strong></span> <span class='ocrx_word' id='word_1_177' title='bbox 1817 1767 2079 1812; x_wconf 88' lang='lat' dir='ltr'><strong>adversarios</strong></span> 
     </span>
     <span class='ocr_line' id='line_1_22' title="bbox 451 1838 2080 1897; baseline 0.001 -16"><span class='ocrx_word' id='word_1_178' title='bbox 451 1854 552 1882; x_wconf 90' lang='lat' dir='ltr'><strong>suos</strong></span> <span class='ocrx_word' id='word_1_179' title='bbox 583 1853 662 1896; x_wconf 91' lang='lat' dir='ltr'><strong>pro</strong></span> <span class='ocrx_word' id='word_1_180' title='bbox 695 1839 813 1882; x_wconf 88' lang='lat' dir='ltr'><strong>iustis</strong></span> <span class='ocrx_word' id='word_1_181' title='bbox 846 1838 1101 1884; x_wconf 92' lang='lat' dir='ltr'><strong>dimittendo</strong></span> <span class='ocrx_word' id='word_1_182' title='bbox 1120 1841 1136 1865; x_wconf 75' lang='lat'><strong>⁰</strong></span> <span class='ocrx_word' id='word_1_183' title='bbox 1179 1855 1326 1897; x_wconf 91' lang='lat' dir='ltr'><strong>pacem</strong></span> <span class='ocrx_word' id='word_1_184' title='bbox 1372 1855 1521 1883; x_wconf 91' lang='lat' dir='ltr'><strong>eorum</strong></span> <span class='ocrx_word' id='word_1_185' title='bbox 1565 1839 1804 1883; x_wconf 89' lang='lat' dir='ltr'><strong>interventu</strong></span> <span class='ocrx_word' id='word_1_186' title='bbox 1847 1839 2080 1884; x_wconf 88' lang='lat' dir='ltr'><strong>amicorum</strong></span> 
     </span>
     <span class='ocr_line' id='line_1_23' title="bbox 450 1909 2079 1968; baseline 0.001 -15"><span class='ocrx_word' id='word_1_187' title='bbox 450 1909 741 1967; x_wconf 89' lang='lat' dir='ltr'><strong>impetrarunt,</strong></span> <span class='ocrx_word' id='word_1_188' title='bbox 785 1921 1009 1967; x_wconf 87' lang='lat' dir='ltr'><strong>praesente</strong></span> <span class='ocrx_word' id='word_1_189' title='bbox 1059 1911 1262 1967; x_wconf 89' lang='lat' dir='ltr'><strong>pristaldo</strong></span> <span class='ocrx_word' id='word_1_190' title='bbox 1304 1911 1432 1968; x_wconf 86' lang='lat' dir='ltr'><strong>ipsius</strong></span> <span class='ocrx_word' id='word_1_191' title='bbox 1482 1924 1643 1963; x_wconf 89' lang='lat' dir='ltr'><strong>causae,</strong></span> <span class='ocrx_word' id='word_1_192' title='bbox 1687 1909 1916 1966; x_wconf 90' lang='lat' dir='ltr'><strong>Beniamin,</strong></span> <span class='ocrx_word' id='word_1_193' title='bbox 1958 1911 2079 1954; x_wconf 88' lang='lat' dir='ltr'><strong>vice-</strong></span> 
     </span>
     <span class='ocr_line' id='line_1_24' title="bbox 450 1980 1185 2025; baseline 0.001 -2"><span class='ocrx_word' id='word_1_194' title='bbox 450 1980 750 2024; x_wconf 88' lang='lat' dir='ltr'><strong>archidiacono</strong></span> <span class='ocrx_word' id='word_1_195' title='bbox 785 1981 837 2024; x_wconf 90' lang='lat' dir='ltr'><strong>de</strong></span> <span class='ocrx_word' id='word_1_196' title='bbox 869 1981 968 2025; x_wconf 86' lang='lat' dir='ltr'><strong>¹villa</strong></span> <span class='ocrx_word' id='word_1_197' title='bbox 999 1981 1185 2025; x_wconf 83' lang='lat' dir='ltr'><strong>Nadan.⁷</strong></span> 
     </span>
    </p>
   </div>
   <div class='ocr_carea' id='block_1_4' title="bbox 450 2135 2080 2717">
    <p class='ocr_par' dir='ltr' id='par_1_5' title="bbox 595 2135 2079 2184">
     <span class='ocr_line' id='line_1_25' title="bbox 595 2135 2079 2184; baseline -0.001 -12"><span class='ocrx_word' id='word_1_198' title='bbox 595 2135 606 2156; x_wconf 87' lang='lat'>¹</span> <span class='ocrx_word' id='word_1_199' title='bbox 633 2137 706 2171; x_wconf 87' lang='lat' dir='ltr'><strong>Aut</strong></span> <span class='ocrx_word' id='word_1_200' title='bbox 733 2137 1032 2183; x_wconf 73' lang='lat' dir='ltr'><strong>Szentgzssos-Ker</strong></span> <span class='ocrx_word' id='word_1_201' title='bbox 1058 2148 1170 2184; x_wconf 91' lang='lat' dir='ltr'><strong>prope</strong></span> <span class='ocrx_word' id='word_1_202' title='bbox 1196 2137 1370 2184; x_wconf 89' lang='lat' dir='ltr'><strong>oppidum</strong></span> <span class='ocrx_word' id='word_1_203' title='bbox 1395 2136 1481 2182; x_wconf 79' lang='lat' dir='ltr'><strong>IgaL</strong></span> <span class='ocrx_word' id='word_1_204' title='bbox 1508 2144 1569 2171; x_wconf 89' lang='lat' dir='ltr'><strong>aut</strong></span> <span class='ocrx_word' id='word_1_205' title='bbox 1595 2135 1810 2182; x_wconf 80' lang='lat' dir='ltr'><strong>Varjas-Ker</strong></span> <span class='ocrx_word' id='word_1_206' title='bbox 1828 2146 1938 2182; x_wconf 83' lang='lat' dir='ltr'><strong>prope</strong></span> <span class='ocrx_word' id='word_1_207' title='bbox 1957 2136 2079 2171; x_wconf 89' lang='lat' dir='ltr'><strong>lacum</strong></span> 
     </span>
    </p>

    <p class='ocr_par' dir='ltr' id='par_1_6' title="bbox 450 2196 2080 2302">
     <span class='ocr_line' id='line_1_26' title="bbox 450 2196 720 2232; baseline 0.004 -2"><span class='ocrx_word' id='word_1_208' title='bbox 450 2196 616 2232; x_wconf 89' lang='lat' dir='ltr'><strong>Balaton.</strong></span> <span class='ocrx_word' id='word_1_209' title='bbox 716 2199 720 2203; x_wconf 78' lang='grc'><em>“</em></span> 
     </span>
     <span class='ocr_line' id='line_1_27' title="bbox 576 2253 2080 2302; baseline -0.001 -12"><span class='ocrx_word' id='word_1_210' title='bbox 576 2255 606 2283; x_wconf 72' lang='grc'><strong>-’</strong></span> <span class='ocrx_word' id='word_1_211' title='bbox 631 2255 852 2301; x_wconf 73' lang='lat' dir='ltr'><strong>Jaromtelke</strong></span> <span class='ocrx_word' id='word_1_212' title='bbox 879 2255 970 2291; x_wconf 86' lang='lat' dir='ltr'><strong>olim</strong></span> <span class='ocrx_word' id='word_1_213' title='bbox 996 2266 1110 2302; x_wconf 89' lang='lat' dir='ltr'><strong>pagus</strong></span> <span class='ocrx_word' id='word_1_214' title='bbox 1136 2267 1232 2290; x_wconf 92' lang='lat' dir='ltr'><strong>nunc</strong></span> <span class='ocrx_word' id='word_1_215' title='bbox 1258 2256 1446 2302; x_wconf 86' lang='lat' dir='ltr'><strong>praedium</strong></span> <span class='ocrx_word' id='word_1_216' title='bbox 1472 2256 1510 2290; x_wconf 89' lang='lat' dir='ltr'><strong>in</strong></span> <span class='ocrx_word' id='word_1_217' title='bbox 1536 2265 1631 2290; x_wconf 86' lang='lat' dir='ltr'><strong>com.</strong></span> <span class='ocrx_word' id='word_1_218' title='bbox 1657 2253 1773 2289; x_wconf 71' lang='lat' dir='ltr'><strong>Bekes</strong></span> <span class='ocrx_word' id='word_1_219' title='bbox 1798 2265 1818 2288; x_wconf 95' lang='lat' dir='ltr'><strong>a</strong></span> <span class='ocrx_word' id='word_1_220' title='bbox 1845 2253 2080 2300; x_wconf 87' lang='lat' dir='ltr'><strong>F.-Gyarmat</strong></span> 
     </span>
    </p>

    <p class='ocr_par' dir='ltr' id='par_1_7' title="bbox 451 2315 1337 2361">
     <span class='ocr_line' id='line_1_28' title="bbox 451 2315 1337 2361; baseline 0.001 -12"><span class='ocrx_word' id='word_1_221' title='bbox 451 2315 643 2350; x_wconf 87' lang='lat' dir='ltr'><strong>meridiem</strong></span> <span class='ocrx_word' id='word_1_222' title='bbox 670 2326 688 2350; x_wconf 92' lang='lat' dir='ltr'><strong>e</strong></span> <span class='ocrx_word' id='word_1_223' title='bbox 715 2315 943 2351; x_wconf 86' lang='lat' dir='ltr'><strong>occidentem</strong></span> <span class='ocrx_word' id='word_1_224' title='bbox 968 2326 1090 2350; x_wconf 90' lang='lat' dir='ltr'><strong>versus</strong></span> <span class='ocrx_word' id='word_1_225' title='bbox 1116 2316 1232 2361; x_wconf 86' lang='lat' dir='ltr'><strong>Supra</strong></span> <span class='ocrx_word' id='word_1_226' title='bbox 1261 2325 1337 2361; x_wconf 86' lang='lat'><em>173.</em></span> 
     </span>
    </p>

    <p class='ocr_par' dir='ltr' id='par_1_8' title="bbox 450 2372 2079 2469">
     <span class='ocr_line' id='line_1_29' title="bbox 593 2372 2079 2421; baseline -0.002 -12"><span class='ocrx_word' id='word_1_227' title='bbox 593 2373 608 2393; x_wconf 82' lang='lat'>⁸</span> <span class='ocrx_word' id='word_1_228' title='bbox 634 2374 736 2409; x_wconf 89' lang='lat' dir='ltr'><strong>Csolt</strong></span> <span class='ocrx_word' id='word_1_229' title='bbox 761 2374 851 2409; x_wconf 91' lang='lat' dir='ltr'><strong>olim</strong></span> <span class='ocrx_word' id='word_1_230' title='bbox 877 2386 999 2421; x_wconf 90' lang='lat' dir='ltr'><strong>pagus,</strong></span> <span class='ocrx_word' id='word_1_231' title='bbox 1026 2386 1122 2409; x_wconf 90' lang='lat' dir='ltr'><strong>nunc</strong></span> <span class='ocrx_word' id='word_1_232' title='bbox 1148 2385 1227 2420; x_wconf 92' lang='lat' dir='ltr'><strong>pars</strong></span> <span class='ocrx_word' id='word_1_233' title='bbox 1253 2374 1420 2409; x_wconf 87' lang='lat' dir='ltr'><strong>territorii</strong></span> <span class='ocrx_word' id='word_1_234' title='bbox 1447 2373 1580 2419; x_wconf 85' lang='lat' dir='ltr'><strong>praedii</strong></span> <span class='ocrx_word' id='word_1_235' title='bbox 1619 2373 1748 2417; x_wconf 68' lang='lat' dir='ltr'><strong>Magor</strong></span> <span class='ocrx_word' id='word_1_236' title='bbox 1773 2384 1793 2408; x_wconf 92' lang='lat' dir='ltr'><strong>a</strong></span> <span class='ocrx_word' id='word_1_237' title='bbox 1818 2372 1951 2407; x_wconf 78' lang='lat' dir='ltr'><strong>Veszt6</strong></span> <span class='ocrx_word' id='word_1_238' title='bbox 1984 2372 2079 2407; x_wconf 91' lang='lat' dir='ltr'><strong>occi-</strong></span> 
     </span>
     <span class='ocr_line' id='line_1_30' title="bbox 450 2433 756 2469; baseline 0 -1"><span class='ocrx_word' id='word_1_239' title='bbox 450 2433 599 2469; x_wconf 89' lang='lat' dir='ltr'><strong>dentem</strong></span> <span class='ocrx_word' id='word_1_240' title='bbox 625 2445 756 2468; x_wconf 88' lang='lat' dir='ltr'><strong>versus.</strong></span> 
     </span>
    </p>

    <p class='ocr_par' dir='ltr' id='par_1_9' title="bbox 593 2491 1889 2539">
     <span class='ocr_line' id='line_1_31' title="bbox 593 2491 1889 2539; baseline -0.002 -11"><span class='ocrx_word' id='word_1_241' title='bbox 593 2491 607 2511; x_wconf 82' lang='lat'><strong>⁴</strong></span> <span class='ocrx_word' id='word_1_242' title='bbox 632 2493 739 2528; x_wconf 89' lang='lat' dir='ltr'><strong>Nunc</strong></span> <span class='ocrx_word' id='word_1_243' title='bbox 765 2492 977 2539; x_wconf 69' lang='lat' dir='ltr'><strong>Kis-Kziroly</strong></span> <span class='ocrx_word' id='word_1_244' title='bbox 1003 2493 1189 2539; x_wconf 90' lang='lat' dir='ltr'><strong>praedium</strong></span> <span class='ocrx_word' id='word_1_245' title='bbox 1216 2503 1236 2526; x_wconf 90' lang='lat' dir='ltr'><strong>a</strong></span> <span class='ocrx_word' id='word_1_246' title='bbox 1262 2491 1479 2538; x_wconf 88' lang='lat' dir='ltr'><strong>Szeghalom</strong></span> <span class='ocrx_word' id='word_1_247' title='bbox 1505 2491 1733 2526; x_wconf 87' lang='lat' dir='ltr'><strong>occidentem</strong></span> <span class='ocrx_word' id='word_1_248' title='bbox 1758 2502 1889 2533; x_wconf 86' lang='lat' dir='ltr'><strong>versus.</strong></span> 
     </span>
    </p>

    <p class='ocr_par' dir='ltr' id='par_1_10' title="bbox 595 2552 1186 2598">
     <span class='ocr_line' id='line_1_32' title="bbox 595 2552 1186 2598; baseline 0 -11"><span class='ocrx_word' id='word_1_249' title='bbox 595 2552 608 2572; x_wconf 86' lang='lat'>⁵</span> <span class='ocrx_word' id='word_1_250' title='bbox 633 2552 851 2598; x_wconf 87' lang='lat' dir='ltr'><strong>Szeghalom</strong></span> <span class='ocrx_word' id='word_1_251' title='bbox 877 2553 914 2587; x_wconf 93' lang='lat' dir='ltr'><strong>in</strong></span> <span class='ocrx_word' id='word_1_252' title='bbox 941 2562 1035 2587; x_wconf 88' lang='lat' dir='ltr'><strong>com.</strong></span> <span class='ocrx_word' id='word_1_253' title='bbox 1062 2552 1186 2587; x_wconf 71' lang='lat' dir='ltr'><strong>Bekes.</strong></span> 
     </span>
    </p>

    <p class='ocr_par' dir='ltr' id='par_1_11' title="bbox 596 2610 1324 2658">
     <span class='ocr_line' id='line_1_33' title="bbox 596 2610 1324 2658; baseline -0.003 -12"><span class='ocrx_word' id='word_1_254' title='bbox 596 2610 609 2630; x_wconf 80' lang='lat'>⁸</span> <span class='ocrx_word' id='word_1_255' title='bbox 634 2611 675 2646; x_wconf 90' lang='lat' dir='ltr'><strong>In</strong></span> <span class='ocrx_word' id='word_1_256' title='bbox 702 2611 861 2646; x_wconf 89' lang='lat' dir='ltr'><strong>editione</strong></span> <span class='ocrx_word' id='word_1_257' title='bbox 887 2612 1071 2658; x_wconf 87' lang='lat' dir='ltr'><strong>principe:</strong></span> <span class='ocrx_word' id='word_1_258' title='bbox 1091 2610 1324 2646; x_wconf 86' lang='lat' dir='ltr'><strong>dimittendis.</strong></span> 
     </span>
    </p>

    <p class='ocr_par' dir='ltr' id='par_1_12' title="bbox 595 2669 1272 2717">
     <span class='ocr_line' id='line_1_34' title="bbox 595 2669 1272 2717; baseline 0 -13"><span class='ocrx_word' id='word_1_259' title='bbox 595 2669 608 2692; x_wconf 85' lang='lat'>⁷</span> <span class='ocrx_word' id='word_1_260' title='bbox 634 2670 937 2717; x_wconf 75' lang='lat' dir='ltr'><strong>Korozs-Ladziny</strong></span> <span class='ocrx_word' id='word_1_261' title='bbox 964 2671 1001 2705; x_wconf 92' lang='lat' dir='ltr'><strong>in</strong></span> <span class='ocrx_word' id='word_1_262' title='bbox 1027 2681 1121 2705; x_wconf 90' lang='lat' dir='ltr'><strong>com.</strong></span> <span class='ocrx_word' id='word_1_263' title='bbox 1148 2670 1272 2704; x_wconf 76' lang='lat' dir='ltr'><strong>Bekes.</strong></span> 
     </span>
    </p>
   </div>
  </div>
 </body>
</html>
