2170 3210
423 183 467 216 66

419 334 528 375 sunt,
557 336 657 364 nam
683 334 816 373 secuS‚
847 336 975 379 quare
1006 322 1050 365 in
1080 321 1144 365 his
1175 321 1335 366 iudiciis
1364 312 1495 366 'iide'm
1526 322 1683 367 iudices
1713 322 1842 366 iidem
1872 337 2031 366 execu-

419 404 533 436 tores
565 392 823 448 funguntur?
854 392 1050 450 explicari
1080 393 1237 450 nequit.

555 462 717 506 Verum
765 461 933 520 quidem
981 476 1054 516 est,
1084 463 1278 519 plurium,
1322 478 1448 520 quam
1488 476 1616 519 4—5,
1658 462 1710 506 ad
1751 478 1963 507 summum
2006 464 2031 507 8

419 533 765 576 testimoniorum
815 547 1057 576 connexum
1106 544 1193 576 tam
1239 533 1470 576 luculenter
1526 532 1749 576 ostendere
1799 533 2033 592 nequimuS,

419 603 493 647 sed
537 602 732 647 facillime
764 603 968 660 reperitur
999 604 1121 647 huius
1153 604 1214 647 rei
1244 603 1364 660 plana
1396 614 1439 646 et
1471 603 1594 646 obvia
1626 619 1758 647 causa.
1792 604 1931 648 Prima
1954 615 2034 658 est,

417 675 520 718 haec
565 673 726 726 iudicia,
773 689 879 731 quae
911 673 1025 717 ferro
1064 673 1258 718 candenti
1301 673 1610 726 decidebantur,
1656 673 1783 718 fuisse
1815 689 1868 718 eo
1905 675 2034 719 etiam

418 757 610 801 tempore
641 743 969 788 extraordinaria
999 743 1191 802 adeoque
1224 744 1294 787 vix
1313 744 1517 797 evenisse,
1538 755 1584 787 ut
1606 759 1712 787 unus
1733 743 1890 788 alterve
1906 744 2032 789 iudex

418 814 566 859 eadem
598 813 860 858 hebdomada
892 813 1030 858 decies
1053 826 1122 858 aut
1146 813 1373 858 duodecies
1395 814 1495 858 ferri
1518 814 1732 858 candentis
1754 815 2032 860 elevationem

417 885 657 943 praecipere
688 885 905 941 potuisset.
939 884 1078 928 Sicubi
1109 896 1249 928 autem
1281 884 1385 928 alter
1417 885 1541 929 iudex
1573 885 1641 930 vel
1684 885 1788 929 alter
1830 897 2034 930 executor

418 957 461 1000 in
490 955 560 999 lite
592 955 818 1000 decidenda
850 955 1112 1012 fungebatur,
1142 955 1227 998 iarn
1259 955 1404 999 deerat
1436 955 1602 999 occasio
1635 955 1834 1014 locusque
1874 971 2031 1013 provo-

420 1025 650 1070 cationibus
707 1025 758 1069 ad
799 1025 1093 1083 praecedentia
1137 1026 1391 1070 testimonia.
1435 1026 1581 1069 Altera
1624 1041 1746 1070 causa
1788 1038 1864 1080 est,
1906 1027 2035 1072 libros

420 1096 643 1141 notariales
674 1095 728 1139 ob
760 1097 976 1152 penuriam
1008 1108 1050 1140 et
1082 1111 1283 1154 magnum
1321 1096 1503 1154 pretium
1548 1096 1890 1141 membranorum
1933 1109 2032 1142 tunc

419 1182 571 1224 parvos
619 1167 837 1210 exstitisse.
882 1167 1038 1223 Pagina
1081 1167 1268 1224 quaevis,
1294 1168 1367 1210 vix
1409 1183 1492 1224 4—-
1502 1181 1521 1223 5
1570 1167 1811 1211 testimonia
1853 1169 2033 1225 suscepit

421 1237 681 1297 (prolixioris
713 1237 794 1280 litis
816 1237 1026 1281 enarratio
1057 1239 1145 1281 sola
1177 1249 1313 1281 totam
1341 1238 1537 1295 paginam
1567 1237 1635 1280 vel
1654 1242 1863 1295 integrum
1885 1238 2032 1283 folium

420 1307 669 1366 postulavit)
701 1308 843 1365 sicque
875 1307 1098 1351 allusiones
1138 1307 1449 1351 difficultatibus
1491 1307 1697 1352 obnoxiae
1744 1320 1874 1361 erant,
1918 1310 2034 1366 prior

421 1379 532 1422 enim
562 1380 712 1435 pagina
746 1378 810 1421 vel
841 1377 1096 1435 praecedens
1127 1378 1277 1422 folium
1307 1378 1567 1422 innuendum
1588 1377 1747 1422 fuisset.
1768 1379 1876 1422 Hinc
1895 1380 2033 1437 expli-

421 1461 535 1493 catur
573 1463 754 1506 quoque,
797 1463 924 1506 quare
968 1448 1080 1492 idem
1125 1464 1243 1492 casus
1287 1449 1330 1492 in
1375 1448 1537 1492 duobus
1580 1449 1831 1492 testimoniis
1874 1465 1934 1494 nr.
1978 1465 2029 1507 75

421 1519 551 1578 (301)
587 1531 628 1562 et
672 1534 726 1576 79
771 1519 903 1579 (305)
947 1519 1168 1563 adnotatus
1211 1519 1413 1563 habetur?
1455 1520 1685 1576 Descripsit
1721 1520 1804 1563 iam
1845 1521 2034 1565 notarius

419 1591 561 1634 statim
589 1601 688 1647 post
719 1591 878 1633 exitum
901 1590 1104 1634 examinis
1127 1590 1226 1633 fem
1249 1590 1461 1633 candentis
1484 1590 1595 1633 hunc
1616 1605 1770 1643 casum,
1791 1590 1867 1634 sed
1885 1591 2034 1649 elapsis

419 1661 576 1718 aliquot
628 1660 771 1704 diebus
823 1672 893 1704 aut
944 1660 1289 1713 hebdomadibus,
1340 1676 1433 1704 curn
1483 1661 1525 1703 in
1568 1660 1717 1718 pagina
1760 1672 1859 1704 tunc
1902 1662 2034 1706 usuali

420 1731 530 1774 hunc
551 1745 693 1774 casum
715 1746 801 1774 non
822 1730 1007 1784 vidisset,
1028 1742 1192 1787 putans,
1213 1746 1257 1773 se
1270 1730 1448 1774 oblitum
1464 1730 1605 1784 fuisse,
1619 1731 1788 1788 majoris
1800 1732 2032 1776 securitatis

420 1800 549 1857 gratia
580 1801 734 1844 iterum
766 1800 984 1857 descripsit
1022 1816 1108 1844 non
1152 1800 1320 1858 quidem
1368 1812 1454 1844 tam
1498 1812 1700 1855 accurate,
1742 1817 1866 1860 quam
1909 1803 2035 1859 prius,

420 1871 494 1914 sed
525 1871 779 1923 summatim,
813 1883 941 1928 prout
973 1871 1107 1914 adhuc
1137 1871 1491 1914 reminiscebatur

555 1941 676 1984 Folia
707 1956 810 1999 ergo
843 1941 1029 1998 dispersa
1060 1941 1151 1985 libri
1189 1940 1385 1998 discerpti
1416 1941 1456 1985 in
1502 1941 1709 1994 ordinem,
1760 1957 1886 2000 quem
1931 1943 2034 1987 olim

421 2010 637 2059 habebant,
668 2011 859 2068 redigere
891 2026 997 2068 opus
1030 2023 1103 2055 est.

554 2081 676 2134 Quae
709 2097 812 2141 ergo
845 2093 941 2126 sunt
971 2081 1134 2134 indicia,
1166 2097 1348 2139 quorum
1376 2097 1460 2135 ope
1479 2082 1758 2138 agnoscimus,
1779 2097 1864 2139 quo
1886 2082 2034 2126 ordine

420 2152 525 2195 haec
556 2151 657 2195 folia
688 2151 871 2208 dispersa
903 2167 948 2196 se
979 2152 1160 2195 invicem
1192 2151 1476 2208 excipiebant?

555 2218 742 2265 Primum
774 2222 985 2275 indicium,
1024 2234 1191 2279 praeter
1234 2222 1276 2265 in
1320 2222 1498 2279 registro
1541 2223 1632 2278 ipso
1678 2234 1947 2266 occurrentes
1991 2234 2034 2266 et

418 2292 622 2350 pretiosas
672 2292 984 2348 designationes
1035 2307 1254 2344 annorum,
1306 2303 1370 2335 est
1414 2302 1636 2335 contextus
1679 2291 1868 2348 ipsorum
1910 2294 2033 2336 testi-

419 2362 673 2406 moniorum.
705 2361 855 2405 Tenue
888 2362 1055 2420 quidem
1090 2374 1131 2405 et
1164 2361 1358 2418 generale
1387 2372 1451 2404 est
1472 2361 1554 2404 hoc
1589 2362 1778 2404 contexti
1813 2362 2036 2416 monitum,

419 2445 459 2476 at
490 2447 569 2476 nec
600 2432 683 2475 hoc
715 2432 1009 2488 spernendum.
1043 2433 1270 2490 Hucusque
1304 2447 1337 2476 e.
1370 2447 1429 2488 gr.
1474 2431 1515 2474 in
1552 2432 1797 2475 testimonio
1844 2447 1902 2476 nr.
1952 2447 2035 2490 150

419 2503 583 2560 signato
601 2501 792 2559 legimus,
809 2501 946 2545 furem
963 2502 1184 2560 quendam,
1205 2502 1375 2545 nomine
1397 2502 1527 2554 Masa,
1549 2516 1572 2544 e
1591 2516 1698 2558 page
1720 2501 1859 2546 Sorou
1881 2514 2034 2556 ortum,

419 2587 683 2630 uxoremque
719 2587 886 2615 necnon
917 2572 1057 2628 proles
1091 2573 1178 2615 eius
1211 2571 1259 2615 ab
1281 2571 1524 2615 adversariis
1568 2573 1652 2614 suis
1683 2572 1877 2616 venditos
1909 2572 2034 2617 fuisse

423 2657 484 2687 10.
506 2643 656 2685 marcis
676 2657 752 2698 pro
774 2642 998 2698 mancipiis.
1020 2669 1078 2674 -—
1098 2643 1246 2698 Longa
1260 2642 1367 2685 serie
1381 2652 1527 2697 postea
1561 2657 1583 2684 e
1608 2642 1850 2685 testimonio
1867 2658 1924 2685 nr¹
1950 2644 2030 2699 265
