2170 3210
1690 136 1752 172 171

107 276 267 311 stanter
298 277 496 324 negante,
527 267 752 321 Martinus,
783 266 938 311 bilotus
970 266 1022 311 de
1056 267 1236 322 Borsod,
1267 283 1344 326 per
1374 267 1640 326 pristaldum‚
1666 283 1755 312 no-

106 338 225 382 mine
256 337 431 396 Kelepc,
462 338 578 383 misit
610 338 885 384 Varadinum.
918 339 1022 394 Quo
1056 339 1251 385 Discilou
1288 339 1501 398 primitius
1548 351 1670 385 actor
1713 350 1756 383 et

107 409 215 455 alius
244 409 452 464 Discilou‚
483 410 642 455 scilicet
675 410 913 465 fideiussor,
944 422 988 456 et
1019 411 1247 469 pristaldus
1279 411 1320 455 in
1355 412 1520 457 octauis
1560 412 1756 456 omnium

96 481 393 536 Sanctorum,l
427 498 530 541 quas
562 482 790 540 pristaldus
823 482 941 534 dixit,
986 497 1032 528 se
1075 483 1244 542 utrique
1288 484 1399 541 parti
1442 498 1521 541 pro
1566 484 1753 528 termino

106 553 357 612 assignasse,
388 566 610 609 venerunt,
642 554 836 600 Glatillus
869 570 974 599 vero
1006 570 1095 599 non
1128 555 1380 613 comparuit.

751 699 828 745 Nr.
893 701 931 743 6.
990 702 1083 744 16.

248 781 435 826 Fehersa
473 781 525 826 de
558 782 654 827 villa
687 713 890 841 Degust?
921 698 1143 828 co(nui9ct)us
1189 795 1254 828 est
1299 783 1351 828 de
1398 800 1481 828 una
1526 800 1668 829 marca
1712 797 1756 830 et

104 852 277 898 dimidia
321 864 471 898 contra
508 853 687 899 villanos
719 855 863 909 Petur,
894 854 1034 900 iudice
1067 855 1283 914 Gregorio
1323 855 1376 900 de
1417 855 1531 910 Scili,
1576 867 1619 900 et
1662 857 1756 915 pri-

105 924 245 970 staldo
277 925 429 970 Zousa.

756 1047 832 1092 Nr-
866 1062 937 1106 47·
971 1049 1111 1106 (143·)

248 1129 365 1175 Liter
397 1130 450 1175 de
482 1130 580 1175 villa
611 1132 818 1176 Hotuon³
851 1132 1036 1189 impetiit
1068 1132 1239 1177 Dorum
1278 1132 1330 1177 de
1375 1132 1476 1176 villa
1519 1133 1669 1177 Dobur
1701 1133 1755 1178 de

104 1201 350 1247 conscienta
399 1202 655 1261 perditionis
703 1204 802 1263 equi
846 1203 923 1260 sui,
970 1204 1149 1248 valentis
1202 1219 1389 1249 marcam
1434 1216 1477 1248 et
1525 1203 1758 1259 dimidiam,

102 1272 257 1331 perditi
283 1274 327 1318 in
355 1273 482 1330 bello,
502 1274 641 1320 iudice
663 1275 840 1330 Coma‚⁴=
864 1277 1022 1320 comite
1046 1275 1097 1320 de
1120 1277 1317 1330 Zounuk,
1336 1276 1543 1335 pristaldo
1566 1276 1759 1336 Ilegven‚

103 1344 158 1390 de
209 1345 307 1390 villa
361 1347 522 1392 Vrsei.⁵
578 1347 695 1392 Liter
738 1348 894 1407 itaque,
937 1359 1109 1406 portato
1149 1347 1278 1402 ferro,
1319 1347 1523 1393 Varadini
1569 1348 1754 1393 combu-

103 1430 193 1463 stus
225 1430 302 1464 est.

750 1540 827 1594 Nr,
860 1542 928 1598 48.
962 1539 1111 1600 (144.)

247 1622 361 1668 Sunc
393 1622 445 1668 de
477 1622 577 1668 villa
607 1623 756 1669 Kiraiss
786 1624 969 1682 impetiit
1003 1624 1272 1678 Geruasium‚
1304 1625 1591 1670 conuillanum
1620 1642 1759 1680 suum,

102 1693 156 1739 de
188 1694 348 1740 duabus
381 1695 534 1740 marcis
567 1707 610 1740 et
642 1695 829 1750 dimidia,
860 1695 999 1740 iudice
1032 1695 1276 1751 Seruodei‚⁷
1309 1696 1454 1741 curiali
1500 1697 1660 1742 comite
1703 1697 1758 1742 de

103 1765 313 1821 Zobolch‚
345 1766 554 1825 pristaldo
587 1768 778 1812 Martino
812 1767 865 1812 de
897 1768 997 1812 villa
1028 1768 1264 1826 Lopecur.⁸
1295 1769 1408 1814 Sunc
1441 1780 1485 1813 et
1509 1769 1756 1826 Geruasius,

102 1837 309 1884 Varadini
330 1839 473 1884 taliter
501 1851 810 1893 conuenerunt,
843 1839 960 1899 quod
992 1840 1223 1885 Geruasius
1256 1841 1377 1886 daret
1410 1840 1655 1886 aduersario
1676 1857 1757 1886 suo

103 1925 292 1956 marcam
324 1922 367 1955 et
398 1909 619 1956 fertonem
650 1923 694 1955 et
724 1910 841 1956 idem
873 1911 1083 1957 Pristaldo
1118 1913 1392 1968 satisfaceret,
1423 1924 1590 1971 partem
1611 1925 1759 1958 autem

103 1982 252 2028 iudicis
284 1982 398 2028 Sunc
430 1994 652 2028 teneretur
683 1982 946 2041 persoluere.

247 2115 259 2136 ¹
285 2116 380 2152 Idest
406 2117 439 2152 d.
468 2117 499 2152 8.
527 2130 576 2153 m.
604 2117 834 2153 Novembris.

246 2175 261 2196 ²
287 2177 404 2224 Supra
430 2188 484 2212 nr.
511 2188 568 2223 43.

248 2236 263 2256 ²
286 2227 494 2273 Er-Hatvan
520 2237 612 2274 olim
639 2239 678 2273 in
705 2249 801 2274 com.
827 2238 1136 2285 Kozep-Szolnok
1165 2251 1262 2274 nunc
1290 2239 1447 2286 Szilaigy.

247 2296 262 2316 ⁴
287 2296 434 2332 Rectius
459 2297 608 2341 Cosma,
635 2306 783 2345 eratque
808 2299 924 2345 reipsa
949 2298 1104 2334 vicarius
1128 2298 1272 2344 (comes
1299 2299 1460 2343 curialis)
1487 2307 1642 2340 tantum,
1671 2310 1759 2335 nam

104 2367 239 2392 munus
265 2358 412 2393 comitis
438 2357 711 2394 Szolnokiensis
738 2366 824 2393 tunc
851 2358 1073 2405 Smaragdus
1098 2360 1278 2395 sustinuit.

250 2416 264 2437 ⁵
302 2417 543 2454 Versimiliter
579 2419 762 2466 significat
800 2430 937 2465 pagum
973 2418 1154 2466 Verseny,
1189 2421 1249 2466 qui
1288 2420 1380 2455 olim
1418 2421 1456 2455 in
1495 2420 1647 2455 circuitu
1674 2420 1758 2466 pagi

104 2475 271 2513 Deshaza
298 2477 342 2512 ab
369 2477 506 2524 oppido
533 2478 791 2525 Szilzigy-Cseh
818 2478 1011 2514 meridiem
1037 2490 1160 2515 versus
1186 2479 1390 2515 adiacebat.

252 2535 267 2556 ⁶
291 2537 516 2584 Kirailytelek
543 2538 635 2575 olim
662 2550 775 2586 pagus
803 2550 900 2574 nunc
927 2538 1114 2586 praedium
1142 2540 1179 2574 in
1207 2540 1384 2575 comitatu
1412 2538 1597 2575 Szabolcs.

249 2596 262 2619 ⁷
288 2596 547 2633 Nominativus
579 2598 686 2633 huius
713 2599 877 2634 nominis
903 2606 979 2633 est:
1006 2598 1213 2634 Servusdei.

249 2657 263 2677 ⁸
289 2656 410 2693 Hodie
436 2668 549 2703 pagus
573 2656 722 2704 Napkor
748 2659 786 2693 in
813 2669 909 2693 com.
936 2657 1116 2694 Szabolcs.
