2170 3210
1726 151 1793 197 283

774 306 848 351 Nr.
885 320 980 364 341.
1014 304 1160 366 (248.)

290 389 521 435 Multitudo
573 390 853 435 castrensium
901 389 953 434 de
998 390 1162 434 Bursud
1207 402 1249 434 et
1294 390 1465 449 quidam
1514 390 1793 450 ioubagiones

148 461 341 525 eiusdem
373 462 509 516 castri,
541 461 726 507 scilicet:
759 462 912 506 Petrus
945 473 988 506 et
1020 461 1203 507 Colman
1237 461 1463 506 vociferati
1504 475 1604 507 sunt
1644 475 1794 508 contra

148 533 422 579 Demetrium
454 534 660 579 comitem
690 534 883 592 ipsorum
914 533 1006 592 regi
1028 533 1241 587 Andreae,
1262 533 1467 588 dicentes,
1490 534 1607 594 quod
1628 535 1793 580 iniustis

146 605 309 651 iudiciis
341 617 385 650 et
415 605 612 650 indebitis
645 605 935 651 exactionibus
969 621 1044 650 eos
1077 617 1360 664 aggravasset.
1395 606 1615 651 Praefatus
1650 619 1795 652 autem

146 693 294 723 comes
325 678 500 737 negavit
531 678 627 732 hoc,
659 678 849 737 quinimo
882 678 1046 731 adiecit,
1080 677 1195 737 quod
1227 678 1284 722 illi
1317 678 1450 722 multa
1482 679 1520 723 ei
1553 679 1706 723 damna
1751 691 1794 724 et

145 750 318 794 iniurias
361 749 608 795 intulissent
651 761 695 795 et
738 750 824 794 hoc
867 750 1008 808 ipsum
1053 765 1206 795 omnes
1251 750 1320 794 alii
1364 750 1659 808 ioubagiones,
1705 762 1793 796 tarn

147 822 350 881 exempti,
397 838 525 882 quam
568 822 687 866 liberi
731 822 873 867 Sancti
918 822 1048 881 Regis
1093 833 1135 866 et
1182 819 1460 882 quadraginta
1503 823 1702 868 homines
1741 824 1793 868 de

147 894 430 939 castrensibus
462 905 747 940 astruxerunt.
793 895 1062 939 Memoratus
1094 885 1236 954 itaqu'e
1268 910 1344 939 rex
1377 894 1589 953 delegavit
1622 911 1794 953 causam

147 981 302 1012 eorum
332 965 524 1024 Thome,
555 967 756 1025 Agriensi
789 967 1004 1024 episcop0‚
1038 978 1081 1011 et
1113 966 1336 1011 Salomoni
1368 967 1478 1011 bano
1503 966 1792 1013 decidendam.

149 1038 240 1092 Qui
270 1037 410 1083 verbis
442 1038 661 1098 utriusque
692 1039 823 1097 partis
865 1038 1091 1097 diligenter
1134 1039 1356 1098 inquisitiS‚
1387 1050 1623 1097 posuerunt
1667 1054 1794 1098 super

146 1110 436 1156 iuramentum
467 1112 638 1156 comitis
670 1112 898 1165 Demetrii,
931 1123 977 1155 ut
1015 1112 1222 1170 praestito
1266 1124 1551 1168 sacramento,
1593 1111 1794 1169 probaret

144 1198 190 1227 se
235 1182 280 1227 in
322 1182 441 1228 nullo
488 1183 697 1242 populum
740 1199 864 1228 suum
910 1198 1176 1242 aggravasse,
1219 1183 1354 1228 immo
1398 1198 1474 1242 per
1519 1185 1795 1237 contrarium,

149 1254 228 1299 sibi
259 1254 444 1300 eundem
475 1255 682 1314 populum
713 1255 912 1300 iniuriam
944 1266 985 1299 et
1017 1255 1221 1300 damnum
1257 1256 1461 1301 intulisse.
1496 1256 1608 1301 Cum
1651 1257 1792 1315 itaque

152 1342 299 1372 comes
330 1327 608 1372 Demetrius¹
639 1339 810 1385 paratus
843 1339 956 1372 esset
1000 1327 1152 1381 iurare,
1195 1328 1427 1372 memorati
1471 1328 1703 1373 adversarii
1746 1343 1792 1373 se

146 1398 265 1456 ipsos
296 1411 673 1457 recognoscentes,
704 1415 794 1444 non
826 1399 917 1443 ausi
948 1411 1046 1443 sunt
1072 1400 1211 1457 ipsum
1234 1399 1438 1454 adiurare,
1461 1411 1504 1444 et
1525 1415 1669 1445 coram
1699 1400 1792 1458 pri-

145 1470 284 1516 staldo
316 1471 442 1516 huius
474 1487 639 1525 causae,
671 1472 848 1516 nomine
881 1473 960 1516 Bas
994 1471 1045 1516 de
1078 1471 1177 1516 villa
1208 1472 1379 1526 Harca,5³
1427 1471 1701 1517 reddiderunt
1746 1487 1793 1516 se

148 1542 389 1602 culpabileS,
432 1555 476 1588 et
518 1543 750 1602 dampnum
795 1544 963 1588 comitis
1002 1544 1066 1588 sui
1109 1556 1347 1588 restaurare
1391 1545 1793 1603 compromiserunt.

150 1615 312 1660 Comes
343 1631 449 1660 vero
484 1631 636 1660 eorum
675 1615 728 1660 ad
772 1617 953 1674 preces³
997 1627 1164 1660 nostras
1203 1615 1374 1660 indulsit
1408 1614 1494 1670 eis,
1538 1628 1584 1660 ut
1627 1628 1795 1660 tantum

149 1686 251 1731 duas
283 1703 460 1743 marcaS,
494 1699 537 1732 et
569 1687 789 1733 dimidiam
821 1688 873 1732 de
907 1699 1003 1732 toto
1043 1687 1231 1745 dampno
1276 1703 1354 1733 suo
1401 1689 1439 1732 ei
1483 1688 1791 1746 persolverent.

143 1758 370 1803 Nominati
395 1775 566 1820 quoque
595 1759 681 1804 duo
713 1760 998 1819 ioubagiones
1032 1775 1248 1804 carcerem
1280 1760 1438 1804 intrare
1471 1771 1690 1805 teneretur
1722 1760 1792 1816 ibi,

146 1830 424 1890 quoadusque
457 1832 587 1877 vellet
621 1848 783 1886 comes,
816 1833 1038 1877 moraturi.

780 1988 856 2034 Nr.
893 2001 989 2047 342.
1023 1990 1158 2046 (249.)

288 2070 540 2116 Castrenses
573 2071 624 2116 de
658 2071 799 2127 Orod,
830 2071 1015 2117 scilicet:
1056 2072 1257 2117 Matthias
1291 2084 1334 2117 et
1366 2072 1623 2118 Sorloudam
1651 2073 1793 2130 impe-

145 2142 306 2186 tierunt
338 2158 485 2187 coram
516 2143 742 2188 Desiderio
776 2144 992 2202 episcopo,
1024 2142 1162 2188 iudice
1194 2159 1217 2187 a
1249 2160 1351 2203 rege
1379 2144 1550 2189 Andrea
1581 2143 1794 2202 delegato,

148 2213 378 2258 Nicolaum
411 2214 756 2260 archidiaconum
802 2226 845 2259 et
890 2217 1143 2260 canonicum
1187 2215 1544 2272 Chanadiensem‚
1589 2215 1795 2269 dicentes,

148 2284 265 2345 quod
296 2297 454 2331 terram
486 2302 651 2341 eorum,
682 2287 858 2331 nomine
891 2287 1142 2345 Bursorog,⁴
1175 2287 1389 2333 violenter
1423 2299 1685 2346 occupasset.
1718 2287 1794 2331 Ille

146 2368 292 2402 autem
335 2357 570 2416 respondit,
626 2358 806 2403 eandem
858 2370 1014 2403 terram
1071 2357 1197 2403 titulo
1253 2360 1483 2419 emptionis
1538 2359 1794 2418 possedisse,

290 2500 301 2522 ¹
328 2501 370 2536 In
396 2501 558 2538 editione
584 2504 768 2550 principe:
799 2514 924 2539 cornes
951 2511 986 2539 et
1014 2503 1237 2540 Demetrius.

289 2559 303 2580 ²
328 2560 415 2597 Fors
441 2562 538 2598 Arka
564 2573 677 2610 pagus
703 2564 741 2598 in
769 2574 867 2600 corn.
893 2564 1023 2610 Abat'ij,
1051 2575 1162 2611 penes
1188 2564 1419 2600 Bodokova'r.

291 2618 305 2639 ³
330 2620 370 2655 In
396 2620 558 2656 editione
584 2622 770 2669 principe:
798 2634 955 2670 praeces.

291 2679 306 2698 ⁴
333 2679 503 2727 Bassarzig
520 2680 611 2717 olim
631 2693 755 2728 pagus,
774 2694 871 2718 nunc
889 2682 1081 2728 praedium
1100 2685 1302 2731 municipio
1320 2683 1417 2719 Arad
1432 2683 1476 2719 ad
1490 2685 1793 2731 septentrionem.
