<?xml version="1.0" encoding="UTF-8"?>
<!DOCTYPE html PUBLIC "-//W3C//DTD XHTML 1.0 Transitional//EN"
    "http://www.w3.org/TR/xhtml1/DTD/xhtml1-transitional.dtd">
<html xmlns="http://www.w3.org/1999/xhtml" xml:lang="en" lang="en">
 <head>
  <title>
</title>
<meta http-equiv="Content-Type" content="text/html;charset=utf-8" />
  <meta name='ocr-system' content='tesseract 3.04.00' />
  <meta name='ocr-capabilities' content='ocr_page ocr_carea ocr_par ocr_line ocrx_word'/>
</head>
<body>
  <div class='ocr_page' id='page_1' title='image "./regestrumvaradin00nagyuoft_0353.png"; bbox 0 0 2170 3210; ppageno 0'>
   <div class='ocr_carea' id='block_1_1' title="bbox 1697 169 1764 205">
    <p class='ocr_par' dir='ltr' id='par_1_1' title="bbox 1697 169 1764 205">
     <span class='ocr_line' id='line_1_1' title="bbox 1697 169 1764 205; baseline 0.015 -1"><span class='ocrx_word' id='word_1_1' title='bbox 1697 169 1764 205; x_wconf 90' lang='lat'>177</span> 
     </span>
    </p>
   </div>
   <div class='ocr_carea' id='block_1_2' title="bbox 110 300 1766 647">
    <p class='ocr_par' dir='ltr' id='par_1_2' title="bbox 765 300 1112 358">
     <span class='ocr_line' id='line_1_2' title="bbox 765 300 1112 358; baseline 0.003 -13"><span class='ocrx_word' id='word_1_2' title='bbox 765 300 841 346; x_wconf 89' lang='lat' dir='ltr'>Nr.</span> <span class='ocrx_word' id='word_1_3' title='bbox 875 305 944 358; x_wconf 85' lang='lat'>63.</span> <span class='ocrx_word' id='word_1_4' title='bbox 978 303 1112 358; x_wconf 80' lang='lat'>(159.)</span> 
     </span>
    </p>

    <p class='ocr_par' dir='ltr' id='par_1_3' title="bbox 110 371 1766 647">
     <span class='ocr_line' id='line_1_3' title="bbox 246 371 1766 432; baseline 0.003 -19"><span class='ocrx_word' id='word_1_5' title='bbox 246 373 366 418; x_wconf 75' lang='lat' dir='ltr'>,Bota</span> <span class='ocrx_word' id='word_1_6' title='bbox 398 371 450 416; x_wconf 92' lang='lat' dir='ltr'>de</span> <span class='ocrx_word' id='word_1_7' title='bbox 482 372 582 417; x_wconf 88' lang='lat' dir='ltr'>villa</span> <span class='ocrx_word' id='word_1_8' title='bbox 613 372 798 417; x_wconf 88' lang='lat' dir='ltr'>Pazturd</span> <span class='ocrx_word' id='word_1_9' title='bbox 827 371 984 417; x_wconf 87' lang='lat' dir='ltr'>iudicio</span> <span class='ocrx_word' id='word_1_10' title='bbox 1017 372 1238 417; x_wconf 88' lang='lat' dir='ltr'>candentis</span> <span class='ocrx_word' id='word_1_11' title='bbox 1270 373 1372 417; x_wconf 88' lang='lat' dir='ltr'>ferri</span> <span class='ocrx_word' id='word_1_12' title='bbox 1402 372 1613 431; x_wconf 87' lang='lat' dir='ltr'>probavit,</span> <span class='ocrx_word' id='word_1_13' title='bbox 1649 373 1766 432; x_wconf 90' lang='lat' dir='ltr'>quod</span> 
     </span>
     <span class='ocr_line' id='line_1_4' title="bbox 110 443 1766 503; baseline -0.002 -12"><span class='ocrx_word' id='word_1_14' title='bbox 110 443 259 491; x_wconf 76' lang='lat' dir='ltr'>villani</span> <span class='ocrx_word' id='word_1_15' title='bbox 291 443 344 489; x_wconf 91' lang='lat' dir='ltr'>de</span> <span class='ocrx_word' id='word_1_16' title='bbox 377 444 524 498; x_wconf 89' lang='lat' dir='ltr'>Bonia,</span> <span class='ocrx_word' id='word_1_17' title='bbox 554 444 736 489; x_wconf 85' lang='lat' dir='ltr'>scilicet:</span> <span class='ocrx_word' id='word_1_18' title='bbox 779 445 970 498; x_wconf 88' lang='lat' dir='ltr'>Zotmaz,</span> <span class='ocrx_word' id='word_1_19' title='bbox 1010 444 1198 503; x_wconf 85' lang='lat' dir='ltr'>Chegun</span> <span class='ocrx_word' id='word_1_20' title='bbox 1244 445 1361 498; x_wconf 86' lang='lat' dir='ltr'>Paul,</span> <span class='ocrx_word' id='word_1_21' title='bbox 1407 456 1452 490; x_wconf 91' lang='lat' dir='ltr'>et</span> <span class='ocrx_word' id='word_1_22' title='bbox 1495 460 1650 491; x_wconf 90' lang='lat' dir='ltr'>omnes</span> <span class='ocrx_word' id='word_1_23' title='bbox 1696 445 1766 489; x_wconf 87' lang='lat' dir='ltr'>alii</span> 
     </span>
     <span class='ocr_line' id='line_1_5' title="bbox 113 515 1764 576; baseline 0 -16"><span class='ocrx_word' id='word_1_24' title='bbox 113 516 323 561; x_wconf 90' lang='lat' dir='ltr'>iuvissent</span> <span class='ocrx_word' id='word_1_25' title='bbox 354 516 594 561; x_wconf 85' lang='lat' dir='ltr'>violentum</span> <span class='ocrx_word' id='word_1_26' title='bbox 626 515 838 576; x_wconf 86' lang='lat' dir='ltr'>quendam</span> <span class='ocrx_word' id='word_1_27' title='bbox 869 516 1114 561; x_wconf 87' lang='lat' dir='ltr'>invasorem</span> <span class='ocrx_word' id='word_1_28' title='bbox 1146 527 1190 560; x_wconf 90' lang='lat' dir='ltr'>et</span> <span class='ocrx_word' id='word_1_29' title='bbox 1221 516 1501 574; x_wconf 88' lang='lat' dir='ltr'>spoliatorem</span> <span class='ocrx_word' id='word_1_30' title='bbox 1540 517 1764 563; x_wconf 89' lang='lat' dir='ltr'>servientis</span> 
     </span>
     <span class='ocr_line' id='line_1_6' title="bbox 112 587 736 647; baseline 0.002 -15"><span class='ocrx_word' id='word_1_31' title='bbox 112 587 194 641; x_wconf 85' lang='lat' dir='ltr'>sui,</span> <span class='ocrx_word' id='word_1_32' title='bbox 226 588 280 632; x_wconf 84' lang='lat' dir='ltr'>ad</span> <span class='ocrx_word' id='word_1_33' title='bbox 310 587 407 633; x_wconf 89' lang='lat' dir='ltr'>illos</span> <span class='ocrx_word' id='word_1_34' title='bbox 440 587 736 647; x_wconf 84' lang='lat' dir='ltr'>confugientis,</span> 
     </span>
    </p>
   </div>
   <div class='ocr_carea' id='block_1_3' title="bbox 110 679 1826 954">
    <p class='ocr_par' dir='ltr' id='par_1_4' title="bbox 110 679 1826 954">
     <span class='ocr_line' id='line_1_7' title="bbox 763 679 1111 737; baseline -0.003 -13"><span class='ocrx_word' id='word_1_35' title='bbox 763 679 840 725; x_wconf 92' lang='lat' dir='ltr'>Nr.</span> <span class='ocrx_word' id='word_1_36' title='bbox 875 681 942 737; x_wconf 89' lang='lat'>64.</span> <span class='ocrx_word' id='word_1_37' title='bbox 976 682 1111 735; x_wconf 84' lang='lat'>(160.)</span> 
     </span>
     <span class='ocr_line' id='line_1_8' title="bbox 259 750 1767 810; baseline 0 -15"><span class='ocrx_word' id='word_1_38' title='bbox 259 751 436 808; x_wconf 88' lang='lat' dir='ltr'>Joachin</span> <span class='ocrx_word' id='word_1_39' title='bbox 470 752 522 797; x_wconf 91' lang='lat' dir='ltr'>de</span> <span class='ocrx_word' id='word_1_40' title='bbox 554 751 706 797; x_wconf 83' lang='lat' dir='ltr'>Lazdil</span> <span class='ocrx_word' id='word_1_41' title='bbox 739 751 924 810; x_wconf 89' lang='lat' dir='ltr'>impetiit</span> <span class='ocrx_word' id='word_1_42' title='bbox 954 752 1122 795; x_wconf 89' lang='lat' dir='ltr'>Kevam</span> <span class='ocrx_word' id='word_1_43' title='bbox 1154 750 1206 795; x_wconf 88' lang='lat' dir='ltr'>de</span> <span class='ocrx_word' id='word_1_44' title='bbox 1238 750 1336 795; x_wconf 88' lang='lat' dir='ltr'>villa</span> <span class='ocrx_word' id='word_1_45' title='bbox 1369 751 1530 804; x_wconf 87' lang='lat' dir='ltr'>Seusci,</span> <span class='ocrx_word' id='word_1_46' title='bbox 1560 767 1667 810; x_wconf 89' lang='lat' dir='ltr'>quae</span> <span class='ocrx_word' id='word_1_47' title='bbox 1701 763 1767 796; x_wconf 91' lang='lat' dir='ltr'>est</span> 
     </span>
     <span class='ocr_line' id='line_1_9' title="bbox 110 821 1826 882; baseline 0.002 -16"><span class='ocrx_word' id='word_1_48' title='bbox 110 821 229 880; x_wconf 77' lang='lat' dir='ltr'>apud</span> <span class='ocrx_word' id='word_1_49' title='bbox 267 823 439 877; x_wconf 63' lang='lat' dir='ltr'>Kanar?</span> <span class='ocrx_word' id='word_1_50' title='bbox 473 824 525 869; x_wconf 90' lang='lat' dir='ltr'>de</span> <span class='ocrx_word' id='word_1_51' title='bbox 558 825 686 876; x_wconf 85' lang='lat' dir='ltr'>furto,</span> <span class='ocrx_word' id='word_1_52' title='bbox 718 824 856 869; x_wconf 85' lang='lat' dir='ltr'>iudice</span> <span class='ocrx_word' id='word_1_53' title='bbox 888 824 1073 869; x_wconf 87' lang='lat' dir='ltr'>Nicolao</span> <span class='ocrx_word' id='word_1_54' title='bbox 1108 824 1268 869; x_wconf 84' lang='lat' dir='ltr'>comite</span> <span class='ocrx_word' id='word_1_55' title='bbox 1306 823 1517 878; x_wconf 85' lang='lat' dir='ltr'>Palatino,</span> <span class='ocrx_word' id='word_1_56' title='bbox 1559 824 1764 882; x_wconf 89' lang='lat' dir='ltr'>pristaldo</span> <span class='ocrx_word' id='word_1_57' title='bbox 1824 878 1826 880; x_wconf 17' lang='grc' dir='ltr'><strong><em>ι</em></strong></span> 
     </span>
     <span class='ocr_line' id='line_1_10' title="bbox 110 894 1765 954; baseline 0.002 -16"><span class='ocrx_word' id='word_1_58' title='bbox 110 894 314 940; x_wconf 86' lang='lat' dir='ltr'>Atmario</span> <span class='ocrx_word' id='word_1_59' title='bbox 338 895 390 940; x_wconf 92' lang='lat' dir='ltr'>de</span> <span class='ocrx_word' id='word_1_60' title='bbox 423 896 519 941; x_wconf 84' lang='lat' dir='ltr'>villa</span> <span class='ocrx_word' id='word_1_61' title='bbox 551 898 648 942; x_wconf 86' lang='lat' dir='ltr'>Boc.</span> <span class='ocrx_word' id='word_1_62' title='bbox 682 898 803 942; x_wconf 88' lang='lat' dir='ltr'>Keva</span> <span class='ocrx_word' id='word_1_63' title='bbox 835 896 1040 941; x_wconf 86' lang='lat' dir='ltr'>Varadini</span> <span class='ocrx_word' id='word_1_64' title='bbox 1070 895 1321 941; x_wconf 86' lang='lat' dir='ltr'>iustificatus</span> <span class='ocrx_word' id='word_1_65' title='bbox 1342 908 1419 950; x_wconf 90' lang='lat' dir='ltr'>est,</span> <span class='ocrx_word' id='word_1_66' title='bbox 1440 908 1613 954; x_wconf 89' lang='lat' dir='ltr'>portato</span> <span class='ocrx_word' id='word_1_67' title='bbox 1634 897 1765 941; x_wconf 89' lang='lat' dir='ltr'>ferro.</span> 
     </span>
    </p>
   </div>
   <div class='ocr_carea' id='block_1_4' title="bbox 112 1039 1767 1386">
    <p class='ocr_par' dir='ltr' id='par_1_5' title="bbox 762 1039 1121 1100">
     <span class='ocr_line' id='line_1_11' title="bbox 762 1039 1121 1100; baseline 0 -14"><span class='ocrx_word' id='word_1_68' title='bbox 762 1041 840 1086; x_wconf 88' lang='lat' dir='ltr'>Nr.</span> <span class='ocrx_word' id='word_1_69' title='bbox 875 1044 943 1098; x_wconf 81' lang='lat'>65.</span> <span class='ocrx_word' id='word_1_70' title='bbox 975 1039 1121 1100; x_wconf 83' lang='lat'>(161.)</span> 
     </span>
    </p>

    <p class='ocr_par' dir='ltr' id='par_1_6' title="bbox 112 1111 1767 1386">
     <span class='ocr_line' id='line_1_12' title="bbox 262 1111 1766 1171; baseline 0.001 -15"><span class='ocrx_word' id='word_1_71' title='bbox 262 1111 394 1156; x_wconf 87' lang='lat' dir='ltr'>Ereus</span> <span class='ocrx_word' id='word_1_72' title='bbox 427 1111 480 1156; x_wconf 92' lang='lat' dir='ltr'>de</span> <span class='ocrx_word' id='word_1_73' title='bbox 514 1112 610 1157; x_wconf 88' lang='lat' dir='ltr'>villa</span> <span class='ocrx_word' id='word_1_74' title='bbox 651 1114 854 1158; x_wconf 82' lang='lat' dir='ltr'>Kamaras</span> <span class='ocrx_word' id='word_1_75' title='bbox 887 1113 1072 1171; x_wconf 86' lang='lat' dir='ltr'>impetiit</span> <span class='ocrx_word' id='word_1_76' title='bbox 1116 1112 1380 1157; x_wconf 90' lang='lat' dir='ltr'>convillanos</span> <span class='ocrx_word' id='word_1_77' title='bbox 1426 1128 1543 1166; x_wconf 90' lang='lat' dir='ltr'>suos,</span> <span class='ocrx_word' id='word_1_78' title='bbox 1585 1112 1766 1157; x_wconf 86' lang='lat' dir='ltr'>scilicet:</span> 
     </span>
     <span class='ocr_line' id='line_1_13' title="bbox 112 1182 1767 1243; baseline 0.001 -16"><span class='ocrx_word' id='word_1_79' title='bbox 112 1182 290 1240; x_wconf 84' lang='lat' dir='ltr'>Tupam</span> <span class='ocrx_word' id='word_1_80' title='bbox 321 1195 365 1228; x_wconf 88' lang='lat' dir='ltr'>et</span> <span class='ocrx_word' id='word_1_81' title='bbox 403 1184 666 1239; x_wconf 86' lang='lat' dir='ltr'>Mauritium,</span> <span class='ocrx_word' id='word_1_82' title='bbox 710 1185 761 1230; x_wconf 89' lang='lat' dir='ltr'>de</span> <span class='ocrx_word' id='word_1_83' title='bbox 807 1201 890 1229; x_wconf 89' lang='lat' dir='ltr'>una</span> <span class='ocrx_word' id='word_1_84' title='bbox 934 1200 1076 1229; x_wconf 86' lang='lat' dir='ltr'>marca</span> <span class='ocrx_word' id='word_1_85' title='bbox 1121 1195 1164 1229; x_wconf 91' lang='lat' dir='ltr'>et</span> <span class='ocrx_word' id='word_1_86' title='bbox 1208 1184 1391 1238; x_wconf 87' lang='lat' dir='ltr'>fertone,</span> <span class='ocrx_word' id='word_1_87' title='bbox 1434 1184 1573 1229; x_wconf 90' lang='lat' dir='ltr'>iudice</span> <span class='ocrx_word' id='word_1_88' title='bbox 1618 1184 1767 1243; x_wconf 86' lang='lat' dir='ltr'>Chepa</span> 
     </span>
     <span class='ocr_line' id='line_1_14' title="bbox 118 1254 1765 1315; baseline 0.001 -17"><span class='ocrx_word' id='word_1_89' title='bbox 118 1254 260 1300; x_wconf 91' lang='lat' dir='ltr'>villico</span> <span class='ocrx_word' id='word_1_90' title='bbox 293 1271 460 1310; x_wconf 86' lang='lat' dir='ltr'>eorum,</span> <span class='ocrx_word' id='word_1_91' title='bbox 504 1256 707 1315; x_wconf 84' lang='lat' dir='ltr'>pristaldo</span> <span class='ocrx_word' id='word_1_92' title='bbox 749 1258 887 1303; x_wconf 86' lang='lat' dir='ltr'>Fican.</span> <span class='ocrx_word' id='word_1_93' title='bbox 934 1257 1170 1310; x_wconf 74' lang='lat' dir='ltr'>MauritiUS,</span> <span class='ocrx_word' id='word_1_94' title='bbox 1206 1268 1380 1314; x_wconf 87' lang='lat' dir='ltr'>portato</span> <span class='ocrx_word' id='word_1_95' title='bbox 1412 1271 1493 1315; x_wconf 90' lang='lat' dir='ltr'>pro</span> <span class='ocrx_word' id='word_1_96' title='bbox 1527 1272 1571 1300; x_wconf 87' lang='lat' dir='ltr'>se</span> <span class='ocrx_word' id='word_1_97' title='bbox 1612 1268 1654 1301; x_wconf 90' lang='lat' dir='ltr'>et</span> <span class='ocrx_word' id='word_1_98' title='bbox 1686 1271 1765 1315; x_wconf 92' lang='lat' dir='ltr'>pro</span> 
     </span>
     <span class='ocr_line' id='line_1_15' title="bbox 112 1326 846 1386; baseline 0.003 -15"><span class='ocrx_word' id='word_1_99' title='bbox 112 1326 291 1386; x_wconf 85' lang='lat' dir='ltr'>Tumpa</span> <span class='ocrx_word' id='word_1_100' title='bbox 322 1328 453 1386; x_wconf 87' lang='lat' dir='ltr'>ferro,</span> <span class='ocrx_word' id='word_1_101' title='bbox 488 1329 735 1374; x_wconf 89' lang='lat' dir='ltr'>combustus</span> <span class='ocrx_word' id='word_1_102' title='bbox 769 1342 846 1374; x_wconf 88' lang='lat' dir='ltr'>est.</span> 
     </span>
    </p>
   </div>
   <div class='ocr_carea' id='block_1_5' title="bbox 114 1471 1769 2541">
    <p class='ocr_par' dir='ltr' id='par_1_7' title="bbox 763 1471 1121 1532">
     <span class='ocr_line' id='line_1_16' title="bbox 763 1471 1121 1532; baseline 0.003 -15"><span class='ocrx_word' id='word_1_103' title='bbox 763 1473 839 1519; x_wconf 91' lang='lat' dir='ltr'>Nr.</span> <span class='ocrx_word' id='word_1_104' title='bbox 874 1475 941 1518; x_wconf 85' lang='lat'>66.</span> <span class='ocrx_word' id='word_1_105' title='bbox 976 1471 1121 1532; x_wconf 83' lang='lat'>(162.)</span> 
     </span>
    </p>

    <p class='ocr_par' dir='ltr' id='par_1_8' title="bbox 114 1544 1769 2541">
     <span class='ocr_line' id='line_1_17' title="bbox 262 1544 1766 1604; baseline -0.001 -15"><span class='ocrx_word' id='word_1_106' title='bbox 262 1545 413 1589; x_wconf 86' lang='lat' dir='ltr'>Vutuk</span> <span class='ocrx_word' id='word_1_107' title='bbox 458 1544 511 1589; x_wconf 88' lang='lat' dir='ltr'>de</span> <span class='ocrx_word' id='word_1_108' title='bbox 559 1545 656 1589; x_wconf 75' lang='lat' dir='ltr'>villa</span> <span class='ocrx_word' id='word_1_109' title='bbox 699 1545 804 1589; x_wconf 87' lang='lat' dir='ltr'>Inka</span> <span class='ocrx_word' id='word_1_110' title='bbox 847 1545 1093 1589; x_wconf 85' lang='lat' dir='ltr'>manumisit</span> <span class='ocrx_word' id='word_1_111' title='bbox 1139 1544 1352 1604; x_wconf 86' lang='lat' dir='ltr'>quendam</span> <span class='ocrx_word' id='word_1_112' title='bbox 1399 1560 1574 1589; x_wconf 89' lang='lat' dir='ltr'>servum</span> <span class='ocrx_word' id='word_1_113' title='bbox 1627 1560 1766 1599; x_wconf 89' lang='lat' dir='ltr'>suum,</span> 
     </span>
     <span class='ocr_line' id='line_1_18' title="bbox 115 1616 1768 1676; baseline 0.001 -16"><span class='ocrx_word' id='word_1_114' title='bbox 115 1616 295 1661; x_wconf 89' lang='lat' dir='ltr'>nomine</span> <span class='ocrx_word' id='word_1_115' title='bbox 325 1616 518 1676; x_wconf 89' lang='lat' dir='ltr'>Figmoz,</span> <span class='ocrx_word' id='word_1_116' title='bbox 549 1632 647 1662; x_wconf 89' lang='lat' dir='ltr'>cum</span> <span class='ocrx_word' id='word_1_117' title='bbox 680 1618 800 1661; x_wconf 90' lang='lat' dir='ltr'>omni</span> <span class='ocrx_word' id='word_1_118' title='bbox 832 1617 1110 1675; x_wconf 85' lang='lat' dir='ltr'>generatione</span> <span class='ocrx_word' id='word_1_119' title='bbox 1155 1633 1242 1670; x_wconf 89' lang='lat' dir='ltr'>sua,</span> <span class='ocrx_word' id='word_1_120' title='bbox 1286 1632 1394 1676; x_wconf 90' lang='lat' dir='ltr'>quae</span> <span class='ocrx_word' id='word_1_121' title='bbox 1440 1616 1490 1660; x_wconf 86' lang='lat' dir='ltr'>ab</span> <span class='ocrx_word' id='word_1_122' title='bbox 1534 1616 1608 1661; x_wconf 88' lang='lat' dir='ltr'>illo</span> <span class='ocrx_word' id='word_1_123' title='bbox 1654 1629 1768 1662; x_wconf 88' lang='lat' dir='ltr'>esset</span> 
     </span>
     <span class='ocr_line' id='line_1_19' title="bbox 118 1689 1766 1749; baseline 0.001 -17"><span class='ocrx_word' id='word_1_124' title='bbox 118 1703 379 1743; x_wconf 87' lang='lat' dir='ltr'>successura,</span> <span class='ocrx_word' id='word_1_125' title='bbox 411 1690 481 1744; x_wconf 89' lang='lat' dir='ltr'>ita,</span> <span class='ocrx_word' id='word_1_126' title='bbox 512 1701 574 1744; x_wconf 91' lang='lat' dir='ltr'>ut,</span> <span class='ocrx_word' id='word_1_127' title='bbox 605 1690 846 1749; x_wconf 89' lang='lat' dir='ltr'>ubicunque</span> <span class='ocrx_word' id='word_1_128' title='bbox 880 1689 1023 1743; x_wconf 86' lang='lat' dir='ltr'>vellet,</span> <span class='ocrx_word' id='word_1_129' title='bbox 1055 1689 1255 1733; x_wconf 87' lang='lat' dir='ltr'>manendi</span> <span class='ocrx_word' id='word_1_130' title='bbox 1286 1689 1350 1733; x_wconf 87' lang='lat' dir='ltr'>fas</span> <span class='ocrx_word' id='word_1_131' title='bbox 1395 1690 1583 1734; x_wconf 87' lang='lat' dir='ltr'>haberet.</span> <span class='ocrx_word' id='word_1_132' title='bbox 1632 1690 1766 1734; x_wconf 86' lang='lat' dir='ltr'>Post—</span> 
     </span>
     <span class='ocr_line' id='line_1_20' title="bbox 114 1759 1767 1819; baseline 0 -14"><span class='ocrx_word' id='word_1_133' title='bbox 114 1759 300 1806; x_wconf 88' lang='lat' dir='ltr'>modum</span> <span class='ocrx_word' id='word_1_134' title='bbox 343 1772 487 1806; x_wconf 88' lang='lat' dir='ltr'>autem</span> <span class='ocrx_word' id='word_1_135' title='bbox 530 1761 744 1819; x_wconf 87' lang='lat' dir='ltr'>praefatus</span> <span class='ocrx_word' id='word_1_136' title='bbox 789 1762 967 1819; x_wconf 86' lang='lat' dir='ltr'>Figmoz</span> <span class='ocrx_word' id='word_1_137' title='bbox 1019 1761 1137 1806; x_wconf 84' lang='lat' dir='ltr'>duxit</span> <span class='ocrx_word' id='word_1_138' title='bbox 1181 1777 1365 1806; x_wconf 89' lang='lat' dir='ltr'>uxorem</span> <span class='ocrx_word' id='word_1_139' title='bbox 1414 1762 1600 1815; x_wconf 85' lang='lat' dir='ltr'>liberam,</span> <span class='ocrx_word' id='word_1_140' title='bbox 1650 1762 1767 1806; x_wconf 88' lang='lat' dir='ltr'>cuius</span> 
     </span>
     <span class='ocr_line' id='line_1_21' title="bbox 117 1832 1768 1892; baseline 0.001 -16"><span class='ocrx_word' id='word_1_141' title='bbox 117 1842 240 1890; x_wconf 89' lang='lat' dir='ltr'>pater</span> <span class='ocrx_word' id='word_1_142' title='bbox 271 1832 456 1878; x_wconf 86' lang='lat' dir='ltr'>scilicet:</span> <span class='ocrx_word' id='word_1_143' title='bbox 488 1834 596 1890; x_wconf 88' lang='lat' dir='ltr'>Juan</span> <span class='ocrx_word' id='word_1_144' title='bbox 629 1847 673 1878; x_wconf 90' lang='lat' dir='ltr'>et</span> <span class='ocrx_word' id='word_1_145' title='bbox 717 1833 846 1877; x_wconf 86' lang='lat' dir='ltr'>frater</span> <span class='ocrx_word' id='word_1_146' title='bbox 890 1834 1069 1878; x_wconf 87' lang='lat' dir='ltr'>scilicet:</span> <span class='ocrx_word' id='word_1_147' title='bbox 1115 1834 1316 1888; x_wconf 89' lang='lat' dir='ltr'>Leustah‚</span> <span class='ocrx_word' id='word_1_148' title='bbox 1359 1834 1638 1892; x_wconf 90' lang='lat' dir='ltr'>impetierunt</span> <span class='ocrx_word' id='word_1_149' title='bbox 1684 1834 1768 1878; x_wconf 89' lang='lat' dir='ltr'>iam</span> 
     </span>
     <span class='ocr_line' id='line_1_22' title="bbox 115 1903 1766 1964; baseline 0.001 -16"><span class='ocrx_word' id='word_1_150' title='bbox 115 1903 282 1949; x_wconf 86' lang='lat' dir='ltr'>dictum</span> <span class='ocrx_word' id='word_1_151' title='bbox 313 1905 462 1949; x_wconf 90' lang='lat' dir='ltr'>Vutuk</span> <span class='ocrx_word' id='word_1_152' title='bbox 494 1906 546 1949; x_wconf 91' lang='lat' dir='ltr'>de</span> <span class='ocrx_word' id='word_1_153' title='bbox 579 1906 774 1949; x_wconf 87' lang='lat' dir='ltr'>violento</span> <span class='ocrx_word' id='word_1_154' title='bbox 808 1917 928 1964; x_wconf 88' lang='lat' dir='ltr'>raptu</span> <span class='ocrx_word' id='word_1_155' title='bbox 960 1906 1125 1963; x_wconf 86' lang='lat' dir='ltr'>puellae</span> <span class='ocrx_word' id='word_1_156' title='bbox 1160 1918 1203 1951; x_wconf 92' lang='lat' dir='ltr'>et</span> <span class='ocrx_word' id='word_1_157' title='bbox 1235 1906 1460 1950; x_wconf 89' lang='lat' dir='ltr'>dominum</span> <span class='ocrx_word' id='word_1_158' title='bbox 1492 1906 1671 1964; x_wconf 88' lang='lat' dir='ltr'>Figmoz</span> <span class='ocrx_word' id='word_1_159' title='bbox 1715 1906 1766 1950; x_wconf 90' lang='lat' dir='ltr'>de</span> 
     </span>
     <span class='ocr_line' id='line_1_23' title="bbox 118 1975 1767 2036; baseline 0.001 -15"><span class='ocrx_word' id='word_1_160' title='bbox 118 1975 295 2035; x_wconf 88' lang='lat' dir='ltr'>indigno</span> <span class='ocrx_word' id='word_1_161' title='bbox 335 1977 548 2021; x_wconf 91' lang='lat' dir='ltr'>connubio</span> <span class='ocrx_word' id='word_1_162' title='bbox 594 1993 741 2022; x_wconf 87' lang='lat' dir='ltr'>coram</span> <span class='ocrx_word' id='word_1_163' title='bbox 785 1978 915 2021; x_wconf 90' lang='lat' dir='ltr'>Petro</span> <span class='ocrx_word' id='word_1_164' title='bbox 961 1979 1133 2032; x_wconf 88' lang='lat' dir='ltr'>comite,</span> <span class='ocrx_word' id='word_1_165' title='bbox 1177 1978 1360 2023; x_wconf 83' lang='lat' dir='ltr'>scilicet:</span> <span class='ocrx_word' id='word_1_166' title='bbox 1413 1978 1550 2022; x_wconf 90' lang='lat' dir='ltr'>iudice</span> <span class='ocrx_word' id='word_1_167' title='bbox 1597 1994 1620 2022; x_wconf 88' lang='lat' dir='ltr'>a</span> <span class='ocrx_word' id='word_1_168' title='bbox 1664 1993 1767 2036; x_wconf 87' lang='lat' dir='ltr'>rege</span> 
     </span>
     <span class='ocr_line' id='line_1_24' title="bbox 117 2046 1767 2108; baseline 0.001 -16"><span class='ocrx_word' id='word_1_169' title='bbox 117 2046 332 2107; x_wconf 87' lang='lat' dir='ltr'>delegato.</span> <span class='ocrx_word' id='word_1_170' title='bbox 365 2049 514 2094; x_wconf 87' lang='lat' dir='ltr'>Vutuk</span> <span class='ocrx_word' id='word_1_171' title='bbox 548 2060 691 2093; x_wconf 85' lang='lat' dir='ltr'>autern</span> <span class='ocrx_word' id='word_1_172' title='bbox 722 2048 957 2107; x_wconf 85' lang='lat' dir='ltr'>respondit,</span> <span class='ocrx_word' id='word_1_173' title='bbox 988 2065 1033 2094; x_wconf 90' lang='lat' dir='ltr'>se</span> <span class='ocrx_word' id='word_1_174' title='bbox 1067 2051 1150 2094; x_wconf 86' lang='lat' dir='ltr'>iam</span> <span class='ocrx_word' id='word_1_175' title='bbox 1182 2050 1341 2094; x_wconf 89' lang='lat' dir='ltr'>dictum</span> <span class='ocrx_word' id='word_1_176' title='bbox 1388 2051 1565 2108; x_wconf 86' lang='lat' dir='ltr'>Figmoz</span> <span class='ocrx_word' id='word_1_177' title='bbox 1611 2065 1767 2094; x_wconf 82' lang='lat' dir='ltr'>manu-</span> 
     </span>
     <span class='ocr_line' id='line_1_25' title="bbox 122 2119 1769 2181; baseline 0.001 -17"><span class='ocrx_word' id='word_1_178' title='bbox 122 2119 287 2164; x_wconf 86' lang='lat' dir='ltr'>misisse</span> <span class='ocrx_word' id='word_1_179' title='bbox 319 2121 434 2179; x_wconf 89' lang='lat' dir='ltr'>prius</span> <span class='ocrx_word' id='word_1_180' title='bbox 465 2133 509 2166; x_wconf 90' lang='lat' dir='ltr'>et</span> <span class='ocrx_word' id='word_1_181' title='bbox 541 2121 600 2166; x_wconf 88' lang='lat' dir='ltr'>sic</span> <span class='ocrx_word' id='word_1_182' title='bbox 631 2121 751 2165; x_wconf 90' lang='lat' dir='ltr'>illum</span> <span class='ocrx_word' id='word_1_183' title='bbox 784 2137 966 2165; x_wconf 88' lang='lat' dir='ltr'>uxorem</span> <span class='ocrx_word' id='word_1_184' title='bbox 998 2122 1171 2166; x_wconf 84' lang='lat' dir='ltr'>liberam</span> <span class='ocrx_word' id='word_1_185' title='bbox 1202 2122 1391 2181; x_wconf 89' lang='lat' dir='ltr'>legitime</span> <span class='ocrx_word' id='word_1_186' title='bbox 1426 2122 1650 2180; x_wconf 85' lang='lat' dir='ltr'>accepisse.</span> <span class='ocrx_word' id='word_1_187' title='bbox 1684 2121 1769 2166; x_wconf 92' lang='lat' dir='ltr'>Sed</span> 
     </span>
     <span class='ocr_line' id='line_1_26' title="bbox 123 2193 1767 2250; baseline 0.001 -14"><span class='ocrx_word' id='word_1_188' title='bbox 123 2207 222 2236; x_wconf 88' lang='lat' dir='ltr'>cum</span> <span class='ocrx_word' id='word_1_189' title='bbox 252 2194 564 2250; x_wconf 83' lang='lat' dir='ltr'>praenominati</span> <span class='ocrx_word' id='word_1_190' title='bbox 596 2193 826 2238; x_wconf 83' lang='lat' dir='ltr'>adversarii</span> <span class='ocrx_word' id='word_1_191' title='bbox 858 2209 946 2237; x_wconf 90' lang='lat' dir='ltr'>non</span> <span class='ocrx_word' id='word_1_192' title='bbox 979 2206 1122 2238; x_wconf 89' lang='lat' dir='ltr'>essent</span> <span class='ocrx_word' id='word_1_193' title='bbox 1154 2194 1233 2239; x_wconf 86' lang='lat' dir='ltr'>hac</span> <span class='ocrx_word' id='word_1_194' title='bbox 1264 2195 1510 2238; x_wconf 88' lang='lat' dir='ltr'>transitoria</span> <span class='ocrx_word' id='word_1_195' title='bbox 1532 2194 1767 2238; x_wconf 84' lang='lat' dir='ltr'>assertione</span> 
     </span>
     <span class='ocr_line' id='line_1_27' title="bbox 123 2265 1767 2323; baseline 0 -15"><span class='ocrx_word' id='word_1_196' title='bbox 123 2265 330 2318; x_wconf 89' lang='lat' dir='ltr'>contenti,</span> <span class='ocrx_word' id='word_1_197' title='bbox 362 2265 626 2323; x_wconf 86' lang='lat' dir='ltr'>supradictus</span> <span class='ocrx_word' id='word_1_198' title='bbox 658 2265 785 2309; x_wconf 84' lang='lat' dir='ltr'>iudex</span> <span class='ocrx_word' id='word_1_199' title='bbox 817 2280 893 2323; x_wconf 91' lang='lat' dir='ltr'>per</span> <span class='ocrx_word' id='word_1_200' title='bbox 914 2266 1177 2323; x_wconf 82' lang='lat' dir='ltr'>pristaldum‚</span> <span class='ocrx_word' id='word_1_201' title='bbox 1199 2267 1378 2310; x_wconf 87' lang='lat' dir='ltr'>nomine</span> <span class='ocrx_word' id='word_1_202' title='bbox 1401 2266 1575 2319; x_wconf 87' lang='lat' dir='ltr'>Levam,</span> <span class='ocrx_word' id='word_1_203' title='bbox 1600 2277 1767 2309; x_wconf 86' lang='lat' dir='ltr'>utram-</span> 
     </span>
     <span class='ocr_line' id='line_1_28' title="bbox 116 2336 1766 2396; baseline -0.001 -16"><span class='ocrx_word' id='word_1_204' title='bbox 116 2351 206 2396; x_wconf 44' lang='lat' dir='ltr'>·que</span> <span class='ocrx_word' id='word_1_205' title='bbox 237 2348 401 2394; x_wconf 89' lang='lat' dir='ltr'>partem</span> <span class='ocrx_word' id='word_1_206' title='bbox 434 2337 633 2395; x_wconf 88' lang='lat' dir='ltr'>Capitulo</span> <span class='ocrx_word' id='word_1_207' title='bbox 667 2336 917 2382; x_wconf 87' lang='lat' dir='ltr'>Varadiensi</span> <span class='ocrx_word' id='word_1_208' title='bbox 940 2337 1039 2382; x_wconf 87' lang='lat' dir='ltr'>fecit</span> <span class='ocrx_word' id='word_1_209' title='bbox 1063 2338 1265 2392; x_wconf 87' lang='lat' dir='ltr'>exbiberi,</span> <span class='ocrx_word' id='word_1_210' title='bbox 1288 2350 1331 2383; x_wconf 91' lang='lat' dir='ltr'>et</span> <span class='ocrx_word' id='word_1_211' title='bbox 1353 2337 1567 2396; x_wconf 89' lang='lat' dir='ltr'>prefatum</span> <span class='ocrx_word' id='word_1_212' title='bbox 1589 2338 1766 2395; x_wconf 86' lang='lat' dir='ltr'>Figmoz</span> 
     </span>
     <span class='ocr_line' id='line_1_29' title="bbox 123 2409 1768 2465; baseline 0.001 -14"><span class='ocrx_word' id='word_1_213' title='bbox 123 2421 199 2465; x_wconf 90' lang='lat' dir='ltr'>per</span> <span class='ocrx_word' id='word_1_214' title='bbox 230 2409 555 2454; x_wconf 85' lang='lat' dir='ltr'>attestationem</span> <span class='ocrx_word' id='word_1_215' title='bbox 576 2410 725 2462; x_wconf 79' lang='lat' dir='ltr'>Vltuk‚</span> <span class='ocrx_word' id='word_1_216' title='bbox 761 2409 925 2453; x_wconf 88' lang='lat' dir='ltr'>domini</span> <span class='ocrx_word' id='word_1_217' title='bbox 960 2410 1036 2463; x_wconf 86' lang='lat' dir='ltr'>sui,</span> <span class='ocrx_word' id='word_1_218' title='bbox 1057 2410 1183 2454; x_wconf 85' lang='lat' dir='ltr'>titulo</span> <span class='ocrx_word' id='word_1_219' title='bbox 1206 2410 1555 2454; x_wconf 89' lang='lat' dir='ltr'>manumissionis</span> <span class='ocrx_word' id='word_1_220' title='bbox 1587 2409 1768 2453; x_wconf 88' lang='lat' dir='ltr'>liberum</span> 
     </span>
     <span class='ocr_line' id='line_1_30' title="bbox 120 2481 1219 2541; baseline 0.003 -18"><span class='ocrx_word' id='word_1_221' title='bbox 120 2493 222 2523; x_wconf 85' lang='lat' dir='ltr'>cum</span> <span class='ocrx_word' id='word_1_222' title='bbox 254 2483 372 2524; x_wconf 89' lang='lat' dir='ltr'>omni</span> <span class='ocrx_word' id='word_1_223' title='bbox 405 2481 674 2525; x_wconf 88' lang='lat' dir='ltr'>successione</span> <span class='ocrx_word' id='word_1_224' title='bbox 707 2481 838 2539; x_wconf 89' lang='lat' dir='ltr'>prolis</span> <span class='ocrx_word' id='word_1_225' title='bbox 872 2496 971 2525; x_wconf 91' lang='lat' dir='ltr'>suae</span> <span class='ocrx_word' id='word_1_226' title='bbox 1003 2482 1219 2541; x_wconf 86' lang='lat' dir='ltr'>assignari.</span> 
     </span>
    </p>
   </div>
   <div class='ocr_carea' id='block_1_6' title="bbox 269 2621 1206 2733">
    <p class='ocr_par' dir='ltr' id='par_1_9' title="bbox 269 2621 1206 2733">
     <span class='ocr_line' id='line_1_31' title="bbox 270 2621 701 2668; baseline 0.007 -10"><span class='ocrx_word' id='word_1_227' title='bbox 270 2621 282 2644; x_wconf 89' lang='lat'>¹</span> <span class='ocrx_word' id='word_1_228' title='bbox 310 2623 409 2659; x_wconf 86' lang='lat' dir='ltr'>Infra</span> <span class='ocrx_word' id='word_1_229' title='bbox 436 2636 488 2659; x_wconf 89' lang='lat' dir='ltr'>nr.</span> <span class='ocrx_word' id='word_1_230' title='bbox 520 2635 595 2668; x_wconf 84' lang='lat'>104,</span> <span class='ocrx_word' id='word_1_231' title='bbox 626 2624 701 2661; x_wconf 89' lang='lat'>166.</span> 
     </span>
     <span class='ocr_line' id='line_1_32' title="bbox 269 2683 1206 2733; baseline 0.004 -15"><span class='ocrx_word' id='word_1_232' title='bbox 269 2683 283 2703; x_wconf 71' lang='lat'><strong>²</strong></span> <span class='ocrx_word' id='word_1_233' title='bbox 309 2684 560 2720; x_wconf 86' lang='lat' dir='ltr'>Verisimiliter</span> <span class='ocrx_word' id='word_1_234' title='bbox 585 2696 697 2732; x_wconf 88' lang='lat' dir='ltr'>pagus</span> <span class='ocrx_word' id='word_1_235' title='bbox 723 2686 877 2733; x_wconf 73' lang='lat' dir='ltr'>Konyar</span> <span class='ocrx_word' id='word_1_236' title='bbox 900 2687 938 2722; x_wconf 84' lang='lat' dir='ltr'>in</span> <span class='ocrx_word' id='word_1_237' title='bbox 965 2698 1062 2723; x_wconf 89' lang='lat' dir='ltr'>com.</span> <span class='ocrx_word' id='word_1_238' title='bbox 1090 2687 1206 2722; x_wconf 85' lang='lat' dir='ltr'>Bihar.</span> 
     </span>
    </p>
   </div>
   <div class='ocr_carea' id='block_1_7' title="bbox 1561 2769 1599 2794">
    <p class='ocr_par' dir='ltr' id='par_1_10' title="bbox 1561 2769 1599 2794">
     <span class='ocr_line' id='line_1_33' title="bbox 1561 2769 1599 2794; baseline -0.053 0"><span class='ocrx_word' id='word_1_239' title='bbox 1561 2769 1599 2794; x_wconf 81' lang='lat'>12</span> 
     </span>
    </p>
   </div>
  </div>
 </body>
</html>
