2170 3210
468 150 537 186 286

470 296 674 341 iudicium
705 294 806 340 ferri
838 294 1067 348 candentis,
1095 294 1352 338 reconciliati
1374 306 1471 338 sunt
1489 294 1560 348 ita,
1583 295 1697 354 quod
1717 296 1958 341 nominatus
1977 309 2097 342 actor

472 368 628 411 dimisit
659 367 926 411 nominatum
958 364 1266 409 adversarium1
1300 380 1424 409 suum
1445 380 1523 422 pro
1546 365 1787 420 innocente,
1807 366 1934 412 iudici
1954 378 2096 412 autem

472 450 515 483 et
546 438 749 496 pristaldo
783 449 1074 482 convenerunt
1106 436 1229 480 simul
1261 436 1514 482 satisfacere.

1094 578 1170 624 Nr·
1206 580 1300 636 348·
1333 578 1471 638 (337)

613 664 784 717 Forcos,
817 663 925 706 filius
956 663 1029 706 Ina
1060 662 1241 714 comitis,
1262 663 1481 721 requisivit
1503 674 1598 706 ante
1620 662 1870 716 Ladislaum,
1893 663 2097 707 comitem

468 736 520 780 de
553 735 663 779 Bach
696 746 738 778 et
770 734 953 778 iudicem
985 735 1134 787 curiae,
1178 733 1399 792 quosdam,
1443 734 1626 778 scilicet:
1670 734 1865 787 Albeum,
1907 734 2096 788 Petrum,

467 806 632 851 Endum
665 818 708 850 et
739 806 965 858 Abareum,
987 805 1098 849 filios
1120 805 1295 862 Cepani,
1318 804 1460 849 dicens
1480 805 1597 862 ipsos
1618 821 1718 850 suos
1741 821 1834 850 esse
1855 805 2096 861 libertinos;

464 879 521 922 illi
541 889 684 922 autem
700 877 1023 935 responderunt,
1048 892 1092 920 se
1117 877 1293 920 omnino
1319 892 1411 920 esse
1434 876 1591 920 liberos
1609 888 1650 920 et
1670 876 1933 921 adduxerunt
1952 891 2093 921 asser-

466 961 606 993 torem
636 948 839 993 libertatis
865 949 1056 1006 ipsorum
1078 959 1121 992 et
1142 948 1428 1001 defensorem,
1446 949 1621 992 nomine
1646 948 1939 1005 Stephanum,2
1960 947 2092 992 filium

464 1019 667 1078 Johannis
700 1019 916 1063 cuiusdam
947 1020 1138 1077 hospitis.
1173 1019 1262 1072 Qui
1294 1035 1390 1063 cum
1435 1031 1477 1063 et
1521 1020 1610 1076 ipse
1654 1019 1807 1063 liberos
1849 1030 2095 1064 constanter

467 1103 687 1144 assereret,
718 1091 962 1135 nominatus
985 1091 1110 1135 iudex
1132 1090 1229 1135 dato
1248 1090 1464 1148 pristaldO,
1486 1091 1658 1135 nomine
1681 1090 1840 1135 Michel
1862 1090 1914 1134 de
1936 1090 2094 1147 Vrbay,

464 1163 578 1207 misit
598 1173 820 1221 utramque
840 1174 1002 1220 partem
1031 1162 1084 1207 ad
1115 1178 1292 1207 examen
1325 1162 1424 1206 ferri
1457 1162 1672 1206 candentis
1703 1161 1995 1215 Waradinum,
2024 1161 2093 1205 ubi

468 1250 565 1279 cum
595 1234 681 1278 iam
713 1233 847 1278 dictus
880 1234 1120 1291 Stephanus
1152 1234 1313 1278 ferrum
1342 1245 1513 1292 portare
1547 1233 1805 1293 accessisset,
1848 1233 1940 1277 talis
1983 1233 2093 1276 inter

466 1321 541 1349 eos
573 1305 681 1349 facta
713 1316 777 1348 est
808 1306 1053 1359 conventio,
1084 1304 1199 1364 quod
1229 1305 1319 1362 ipse
1357 1305 1595 1362 Stephanus
1639 1303 1858 1362 praedicto
1898 1304 2093 1349 Farcasio

465 1376 583 1421 daret
615 1375 716 1420 duas
747 1391 923 1430 marcas,
951 1377 1165 1420 Farcasius
1198 1388 1340 1420 autem
1371 1376 1466 1419 illos
1495 1377 1707 1434 quatuor,3
1729 1390 1836 1434 quos
1855 1375 2092 1434 requirebat

464 1462 543 1505 pro
575 1447 790 1501 libertinis,
821 1447 988 1506 reliquit
1018 1463 1097 1505 pro
1129 1447 1268 1492 liberis
1301 1448 1492 1501 omnino,
1513 1446 1639 1491 iudici
1661 1458 1804 1491 autem
1825 1459 1867 1490 et
1887 1445 2089 1504 pristaldo

467 1518 750 1563 communiter
782 1519 1022 1563 satisfacere
1056 1531 1359 1565 convenerunt.

1087 1673 1162 1718 Nr-
1198 1687 1293 1731 349·
1325 1671 1470 1731 (338)

606 1757 770 1810 PetruS,
801 1756 911 1800 filius
943 1758 1091 1800 Moraz
1125 1756 1176 1800 de
1208 1756 1305 1800 villa
1337 1755 1460 1808 Kad,4
1489 1756 1667 1812 impetiit
1690 1756 1802 1799 Busu
1824 1752 2108 1799 sacerdotem:

467 1838 509 1871 et
540 1828 689 1872 fratres
722 1828 824 1881 eius,
857 1828 1034 1871 scilicet:
1066 1828 1208 1884 Jacob,
1240 1827 1391 1870 Tibam
1420 1839 1462 1870 et
1484 1826 1679 1871 Clianum
1700 1826 1752 1870 de
1771 1826 1869 1869 villa
1887 1826 2091 1883 Kenesij,⁵

467 1899 623 1952 dicens,
655 1898 770 1957 quod
802 1898 1041 1943 dimidietas
1073 1910 1224 1950 terrae,
1257 1914 1381 1957 quarn
1413 1898 1492 1955 ipsi
1522 1898 1612 1941 iure
1656 1896 1940 1942 haereditario
1982 1896 2089 1940 insi-

466 1970 629 2023 debant,
662 1969 939 2014 haereditaria
973 1970 1062 2013 eius
1106 1970 1248 2027 portio
1293 1981 1415 2013 esset.
1459 1968 1592 2023 Quod
1632 1984 1728 2012 cum
1770 1968 1830 2011 illi
1872 1979 2090 2025 negarent,

462 2040 692 2094 Ladislaus,
725 2056 870 2085 comes
903 2041 1143 2086 Bachiensis
1176 2052 1218 2084 et
1249 2041 1374 2084 iudex
1406 2042 1558 2094 curiae,
1577 2040 1803 2084 discutiens
1822 2054 1896 2096 per
1917 2038 2087 2096 pristal-

466 2112 579 2166 dum,
610 2113 784 2156 nomine
817 2113 977 2166 Vosos,
1002 2112 1132 2155 filium
1157 2112 1273 2156 Boch
1295 2111 1346 2155 de
1369 2112 1464 2155 villa
1485 2112 1588 2165 Pun,
1608 2110 1722 2155 misit
1744 2125 1819 2154 eos
1838 2109 1890 2153 ad
1911 2124 2089 2153 examen

580 2259 582 2263 ¹
606 2243 617 2264 ¹
643 2243 685 2278 In
711 2244 868 2279 editione
894 2244 1055 2290 principe
1081 2253 1253 2280 erronee:
1280 2243 1533 2278 advarsarium.

609 2303 621 2323 ²
647 2304 688 2338 In
715 2303 873 2338 editione
898 2304 1061 2350 principe
1086 2314 1257 2338 erronee:
1285 2303 1454 2338 Stanunz.

606 2363 619 2382 ³
645 2363 686 2397 In
713 2362 873 2397 editione
899 2363 1081 2408 principe:
1108 2370 1285 2408 quattuor.

603 2422 618 2442 4
644 2422 747 2468 Kdgy
773 2422 862 2457 olim
888 2433 998 2468 pagus
1025 2423 1061 2456 in
1088 2433 1182 2457 com.
1210 2421 1378 2456 Szabolcs
1404 2422 1439 2456 in
1465 2421 1647 2456 vicinitate
1673 2420 1884 2455 Kis-Vdrda.

606 2481 619 2501 ⁵
645 2481 729 2515 Duo
755 2482 838 2527 pagi
863 2481 985 2516 Kenez
1011 2482 1163 2516 nomine
1195 2482 1233 2515 in
1271 2492 1365 2516 com.
1404 2480 1572 2515 Szabolcs
1609 2481 1774 2515 existunt.
1813 2479 1883 2515 Sed
1920 2479 1979 2514 hic
2017 2479 2086 2514 loci

462 2541 580 2586 potius
619 2540 662 2575 de
701 2551 795 2586 pago
833 2540 1157 2586 Cserepes-Kenez,
1195 2548 1246 2575 est
1271 2551 1402 2581 sermo,
1429 2551 1514 2575 nam
1540 2539 1598 2574 hic
1625 2547 1677 2574 est
1701 2540 1739 2574 in
1763 2539 1913 2584 regione
1950 2538 2085 2584 antiqui

462 2601 543 2645 pagi
570 2599 685 2646 Kagy‚
713 2599 802 2634 alter
826 2610 913 2634 vero
940 2611 1063 2645 paguS,
1090 2599 1345 2634 Takta-Kenez
1378 2600 1588 2634 nominatus
1627 2597 1668 2643 65
1709 2597 1906 2633 kilometris
1944 2608 1964 2632 a
2000 2596 2085 2631 loco

460 2659 597 2705 antiqui
624 2659 705 2704 pagi
731 2659 835 2705 Kdgy
861 2659 978 2693 distat.
