2170 3210
1722 143 1765 179 77

274 274 395 319 Test.
440 289 501 319 nr.
543 275 594 318 81
642 272 774 334 (307)
818 273 941 318 huius
984 274 1158 318 secundi
1189 274 1376 318 fasciculi
1406 273 1525 333 (test.
1557 290 1615 318 nr.
1649 288 1762 331 74---

140 361 216 405 103
245 369 296 382 22-
324 349 579 405 300-329)
627 345 830 390 certiores
880 360 960 389 nos
1004 344 1141 389 reddit
1183 345 1234 389 de
1273 361 1420 390 mense
1453 361 1487 389 a.
1525 359 1647 402 1214,
1679 361 1763 404 quo

133 432 254 463 casus
285 418 329 461 in
359 417 424 462 his
457 417 711 462 testimoniis
743 415 932 460 adnotati
962 431 1157 460 evenere.
1192 417 1287 460 Hoc
1319 417 1433 461 enim
1465 428 1556 461 test.
1603 432 1662 460 nr.
1709 418 1759 461 81

133 490 322 534 notarius
361 500 460 547 post
504 488 774 532 Dominicam
821 487 1051 545 «Respice»
1098 487 1208 532 idest
1247 499 1344 545 post
1388 488 1501 532 diem
1546 489 1670 532 8-am
1709 504 1764 534 m.

131 560 240 604 Iunii
271 571 465 619 regestro
509 559 694 604 intulit.1
737 559 870 604 Casus
914 574 1018 617 ergo
1063 560 1104 603 in
1148 570 1242 604 test.
1274 575 1336 603 nr.
1371 574 1576 618 74—-104
1609 559 1764 604 relatos

133 647 281 676 mense
311 632 435 676 Iunio
467 643 539 676 aut
570 631 623 676 ad
653 646 868 675 summum
899 630 1120 675 intervallo
1153 630 1316 674 dierum
1353 645 1483 688 15-ae
1506 632 1607 674 Maii
1634 646 1764 689 15—ae

132 703 240 747 Iunii
271 702 483 756 accidisse,
513 702 780 761 perspicuum
813 713 889 747 est.

273 775 322 818 In
352 774 551 818 fasciculo
583 785 678 819 test.
709 789 768 818 nr.
802 787 1003 831 74——103
1045 773 1329 831 (300—329),
1362 774 1421 817 sic
1462 773 1764 832 chronologice

134 845 332 900 stabilito,
353 846 586 903 reperimus
613 845 816 889 comitem
847 844 1215 898 Szatmariensem,
1238 845 1486 903 Vingyiszlo
1516 844 1685 904 (Viszlo
1708 868 1763 882 -=

133 917 411 972 venceslaus)
443 917 617 961 nomine
647 929 772 976 atque
804 917 1005 961 comitem
1044 916 1243 960 curialem
1274 916 1642 970 Szolnokiensem,
1674 917 1764 961 Pris

133 1004 210 1034 seu
240 989 354 1034 PerS.
387 990 500 1047 (test.
530 1003 592 1032 nr.
627 1002 696 1044 91,
727 1001 797 1045 77,
831 988 915 1046 84).
950 987 1066 1031 Scire
1095 1002 1214 1042 vero,
1244 988 1324 1032 hos
1359 987 1471 1032 viros
1509 1003 1620 1032 anno
1654 1001 1766 1046 1214

133 1075 310 1105 munera
340 1075 414 1104 sua
445 1060 639 1116 gessisse,
670 1070 718 1104 ut
748 1074 849 1103 mox
880 1058 1129 1112 videbimus,
1160 1059 1337 1116 perutile
1370 1059 1492 1103 nobis
1526 1071 1601 1104 est.

273 1132 368 1177 Hoc
399 1132 514 1176 enim
545 1131 687 1175 statim
719 1130 905 1175 ostendit
936 1129 1057 1174 nobis
1089 1142 1256 1188 tempus
1288 1130 1474 1175 fasciculi
1508 1131 1632 1189 primi
1668 1143 1763 1176 test.

134 1220 195 1250 nr.
226 1206 401 1261 69—74
432 1203 718 1262 (295—299).
741 1203 854 1247 Nam
876 1203 918 1245 in
950 1217 1048 1245 casu
1080 1213 1174 1247 test.
1207 1217 1268 1246 nr.
1301 1205 1354 1259 69
1377 1202 1596 1260 Vingiszlc')
1619 1217 1765 1246 comes

135 1275 452 1320 Szatmariensis
483 1273 665 1319 iudicem
697 1275 796 1332 egit,
832 1274 877 1318 in
920 1288 1017 1319 casu
1056 1289 1159 1318 vero
1204 1285 1298 1318 test.
1343 1289 1405 1319 nr.
1449 1287 1506 1330 70
1551 1273 1766 1319 Nevetlen

134 1362 282 1393 comes
327 1345 490 1390 curialis
535 1345 835 1390 Zarandiensis.
882 1346 968 1390 Iam
1018 1358 1161 1390 autem
1209 1344 1429 1389 fasciculus
1476 1345 1684 1389 secundus
1731 1362 1764 1390 a.

141 1419 350 1479 1214(nr.
370 1418 597 1477 74—103)
614 1429 732 1462 extra
745 1417 917 1462 dubium
930 1419 1066 1476 ponit,
1088 1418 1205 1461 viros
1220 1415 1473 1474 Vingyiszlo
1493 1428 1535 1461 et
1551 1417 1766 1461 Nevetlen

134 1492 239 1536 haec
271 1505 446 1535 munera
477 1505 514 1534 a.
553 1502 664 1546 1214
695 1490 889 1547 gessisse.
922 1489 1107 1533 Proinde
1139 1488 1314 1532 minime
1343 1488 1615 1532 temerarium
1654 1488 1766 1547 quid,

135 1562 211 1608 sed
241 1561 409 1607 veritati
439 1571 771 1606 consentaneum
804 1572 869 1605 est
901 1560 1145 1605 fasciculum
1177 1575 1239 1606 nr.
1274 1561 1444 1616 69—73
1486 1558 1766 1619 (295—299)

135 1649 305 1695 quoque
351 1648 463 1677 anno
513 1646 624 1690 1214
666 1632 849 1677 tribuere
894 1631 1179 1690 fasciculoque
1223 1629 1412 1675 secundo
1456 1645 1515 1675 nr.
1563 1644 1619 1687 74
1639 1645 1763 1689 -103

135 1706 414 1765 praemissum
462 1719 662 1748 asserere.
705 1704 824 1748 Nota
864 1705 989 1748 etiam
1022 1704 1114 1748 diei.
1158 1704 1202 1747 in
1245 1702 1330 1746 hoc
1377 1701 1575 1746 fasciculo
1627 1702 1766 1760 primo

135 1789 337 1823 contenta
380 1775 580 1820 auxilium
623 1774 746 1818 nobis
790 1774 963 1832 praebet
1009 1774 1062 1818 ad
1102 1775 1216 1818 hunc
1261 1788 1418 1817 nexum
1462 1772 1765 1817 stabiliendum.

136 1849 272 1894 Facile
306 1849 419 1893 enim
450 1858 566 1905 patet
598 1847 765 1891 cuilibet
797 1847 978 1891 intuenti
1009 1846 1253 1891 testimonia
1285 1845 1408 1889 huius
1437 1845 1563 1902 primi
1581 1844 1768 1896 fasciculi

135 1937 196 1966 nr.
242 1923 412 1978 69-—73
465 1935 489 1963 a
531 1919 699 1962 notario
752 1930 850 1975 post
895 1918 1105 1975 expletam
1158 1915 1470 1961 hebdomadam
1513 1916 1768 1960 Dominicae

138 1991 352 2037 «Exaudi»
387 1991 571 2049 registro
603 1990 800 2048 inscripta
833 1989 962 2034 fuisse
995 1989 1108 2047 (vide
1141 2005 1201 2034 nr.
1236 1991 1304 2046 69,
1337 1987 1428 2048 7Ι).
1460 1989 1588 2031 Anno
1626 1997 1768 2030 autem

142 2078 254 2123 1214
282 2062 552 2108 hebdomada
583 2061 835 2106 Dominicae
885 2060 1095 2104 «Exaudi»
1138 2059 1203 2104 die
1248 2061 1353 2103 18-a
1393 2059 1497 2103 Maii
1528 2058 1645 2102 finita
1690 2069 1767 2102 est.

136 2136 330 2181 Vidimus
361 2149 491 2193 porro
523 2144 617 2179 test.
647 2149 707 2177 nr.
742 2133 792 2176 81
828 2132 1013 2176 fasciculi
1044 2131 1217 2176 secundi
1237 2142 1336 2188 post
1358 2132 1485 2175 8-am
1507 2129 1620 2173 diem
1651 2129 1765 2173 Iunii

136 2207 339 2265 scriptum
360 2205 500 2251 fuisse.
521 2205 632 2249 Cum
655 2219 761 2262 ergo
794 2203 1013 2248 fasciculus
1046 2218 1107 2246 nr.
1145 2203 1316 2261 69—73
1343 2201 1586 2245 testimonia
1619 2215 1766 2244 mense

136 2279 268 2332 Maio,
298 2276 518 2322 fasciculus
539 2291 645 2320 vero
667 2291 727 2320 nr.
751 2289 958 2333 74—-104
976 2274 1217 2318 testimonia
1238 2288 1386 2317 mense
1405 2272 1527 2316 [unio
1558 2271 1766 2328 inscripta

136 2349 364 2400 contineat,
423 2359 575 2406 sponte
619 2347 808 2406 sequitur
850 2345 1093 2390 fasciculum
1136 2360 1197 2389 nr.
1243 2347 1413 2403 69-73
1461 2342 1659 2387 fasciculo
1703 2358 1764 2387 nr.

281 2527 293 2548 ¹
318 2528 467 2562 Minime
492 2526 576 2562 latet
607 2535 683 2567 nos,
710 2525 799 2560 duas
834 2525 1043 2560 Dominicas
1081 2524 1206 2559 initiali
1244 2534 1334 2559 voce
1376 2523 1567 2569 ‹Respice›
1609 2523 1766 2567 signatas

137 2598 225 2624 esse.
260 2588 308 2624 At
346 2587 374 2622 si
400 2586 558 2621 notarius
583 2585 775 2621 secundam
800 2584 850 2629 (a.
882 2594 970 2627 1214
996 2585 1033 2619 in
1070 2583 1167 2619 diem
1206 2594 1288 2630 17-a
1332 2582 1482 2628 Augusti
1519 2580 1756 2619 incidentem)

137 2647 285 2694 intelligi
309 2646 489 2688 voluisset,
515 2644 711 2680 luculenter
736 2644 806 2679 hoc
832 2644 934 2679 nobis
961 2652 1087 2678 notum
1113 2642 1332 2678 reddidisset.
