2170 3210
464 158 527 201 148

1170 300 1391 347 Graduale.

604 381 784 427 Custodi
814 397 884 426 me
917 382 1116 435 Domine,
1159 394 1205 426 vt
1235 383 1434 441 pupillam
1467 385 1590 438 oculi,
1621 385 1696 429 sub
1740 387 1888 432 umbra
1930 387 2090 433 alarum

460 467 628 498 tuarum
659 465 837 511 protege
870 468 950 497 me.
990 455 1075 498 Ver.
1108 454 1175 497 De
1207 454 1325 498 vultu
1358 466 1433 499 tuo
1471 455 1673 500 iudicium
1711 472 1857 503 meum
1896 458 2091 517 prodeat,

462 525 575 570 oculi
604 526 668 570 tui
696 523 868 570 videant
900 524 1139 583 equitatem.
1172 525 1363 571 Alleluia.
1396 527 1513 570 Deus
1543 526 1670 572 iudex
1701 528 1848 583 iustus,
1892 529 2015 576 fortis
2046 542 2091 576 et

459 597 636 654 patiens,
667 595 874 655 numquid
903 597 1105 640 irascetur
1138 611 1213 653 per
1245 597 1433 654 singulos
1466 597 1567 644 dies.
1598 598 1788 645 Alleluia.

887 726 1163 784 Euangelium
1195 726 1428 771 secundum
1459 728 1664 772 Marcum.

601 811 648 855 In
678 810 750 855 illo
783 822 977 867 tempore
1004 811 1235 868 respiciens
1266 811 1385 866 Jesus
1416 811 1458 854 in
1490 810 1718 869 discipulos
1751 828 1864 867 suos,
1897 815 1954 859 ait
1984 815 2090 860 illis:

459 883 623 927 Habete
655 881 785 927 fidem
816 882 908 925 Dei.
940 882 1082 926 Amen
1113 880 1208 925 dico
1239 882 1373 934 vobis,
1411 882 1507 941 quia
1540 883 1778 942 quicunque
1810 884 1962 930 dixerit
1990 886 2088 930 huic

457 956 610 1008 monti,
642 953 806 1007 tollere,
838 965 878 996 et
908 954 1079 997 mittere
1117 953 1160 997 in
1203 968 1334 1007 mare,
1365 965 1407 997 et
1450 968 1538 998 non
1581 954 1828 999 hesitauerit
1869 957 1915 1001 in
1958 957 2088 1002 corde

457 1041 551 1080 suo,
581 1024 658 1070 sed
688 1024 923 1078 crediderit,
943 1026 1041 1083 quia
1060 1024 1342 1084 quodcunque
1376 1024 1547 1078 dixerit,
1578 1025 1664 1079 fiat,
1683 1026 1759 1071 fiet
1781 1028 1832 1071 ei.
1854 1028 2085 1085 Propterea

458 1095 553 1141 dico
595 1095 727 1149 vobis,
772 1093 915 1139 omnia
962 1110 1210 1154 quecunque
1254 1107 1425 1140 orantes
1470 1097 1625 1154 petitis,
1659 1096 1829 1151 credite,
1872 1099 1967 1158 quia
2010 1115 2086 1144 ac-

458 1168 634 1226 cipietiS,
666 1178 706 1211 et
737 1165 840 1210 fient
871 1165 1005 1210 vobiS.

1122 1273 1420 1320 Offertorium.

599 1358 664 1401 De
694 1356 914 1415 profundis
948 1357 1125 1401 clamaui
1157 1357 1208 1401 ad
1240 1370 1282 1402 te
1304 1359 1504 1412 Domine,
1526 1360 1712 1403 Domine
1745 1359 1896 1404 exaudi
1926 1375 2081 1405 vocem

457 1444 611 1474 meam.

1183 1536 1365 1581 Secreta.

597 1619 886 1676 Omnipotens
919 1619 1175 1676 sempiterne
1207 1619 1337 1672 DeuS,
1376 1619 1447 1678 qui
1479 1635 1566 1663 non
1603 1619 1913 1664 sacrificiorum
1944 1620 2083 1664 ambi-

456 1690 573 1733 tione
604 1690 791 1747 placaris,
822 1689 897 1734 sed
928 1689 1069 1734 studio
1100 1690 1190 1747 piae
1224 1690 1465 1734 deuotionis
1499 1690 1693 1745 intendis,
1725 1690 1776 1735 da
1800 1691 1963 1735 famulis
1985 1692 2083 1748 tuis,

454 1760 583 1805 fidem
614 1772 787 1814 rectam,
832 1776 952 1818 spem
981 1762 1292 1814 inconcussam,
1323 1772 1366 1805 et
1398 1777 1473 1806 cor
1507 1761 1724 1815 mundum,
1766 1773 1812 1805 vt
1854 1762 1960 1806 fides
2005 1762 2082 1806 hec

456 1831 531 1875 tibi
562 1831 673 1875 dona
705 1832 916 1889 conciliet,
950 1843 992 1876 et
1022 1832 1235 1876 humilitas
1267 1832 1551 1877 commendet.
1583 1848 1658 1890 per
1690 1845 1767 1878 etc.

1113 1962 1431 2008 Communium.

592 2044 733 2088 Arnen
784 2044 879 2089 dico
933 2045 1066 2098 vobis,
1110 2045 1305 2104 quicquid
1351 2058 1520 2090 orantes
1575 2046 1731 2103 petiti3‚
1776 2046 1934 2091 credite
1986 2047 2083 2105 quia

456 2116 680 2173 accipietis,
712 2127 755 2159 et
785 2116 860 2160 fiet
891 2116 1026 2162 vobis.

676 2186 801 2231 Tunc
833 2187 1118 2232 communicet
1149 2187 1346 2232 sacerdos
1379 2188 1648 2232 criminatum
1680 2203 1755 2232 seu
1787 2202 1862 2231 ac-

1031 2270 1222 2303 cusatum
1253 2259 1317 2303 his
1350 2259 1501 2303 verbis.

595 2328 762 2385 Corpus
795 2328 956 2374 domini
999 2330 1134 2373 nostri
1164 2331 1263 2386 Jesu
1295 2330 1452 2374 Christi
1485 2330 1537 2373 sit
1569 2329 1642 2373 tibi
1680 2328 1808 2373 hodie
1855 2329 1906 2373 ad
1949 2344 2076 2373 com-

453 2399 748 2456 probationem
779 2400 870 2444 veri
899 2400 1050 2446 iudicii.
1086 2402 1235 2446 Amen.
