2170 3210
469 170 533 205 180

461 314 564 358 item
586 313 771 356 Pousam
792 311 844 356 de
863 311 961 355 villa
979 312 1186 366 Numen,1
1216 312 1389 370 praedio
1412 312 1581 367 Sebus,2
1598 313 1650 358 de
1681 315 1857 372 pecunia
1879 315 2092 360 violenter

460 385 596 438 allata,
627 383 830 427 iudicibus
862 384 1059 440 Heymu³
1092 385 1265 437 comite,
1298 399 1321 427 a
1353 399 1455 442 rege
1488 383 1602 438 dato,
1634 395 1676 428 et
1707 385 1968 441 Alexandro,
1997 390 2089 445 pri-

462 454 604 499 staldis
625 455 770 499 Minos
788 465 831 498 et
861 453 1039 500 Dazlou.
1071 455 1291 499 Waradini
1323 467 1467 499 autem
1498 455 1589 499 talis
1621 456 1731 500 inter
1763 471 1838 501 eos
1870 457 1978 502 facta
2023 470 2090 502 est

462 526 705 580 conventio,
728 525 843 584 quod
875 525 1053 569 Keliano
1085 525 1233 570 darent
1271 525 1501 570 aduersarii
1532 527 1597 570 sui
1628 528 1811 586 quinque
1841 544 2016 583 marcas,
2046 541 2091 574 et

461 597 586 643 iudici
616 597 745 642 iidem
789 596 1090 650 satisfacerent,
1132 597 1336 654 pristaldo
1370 610 1513 642 autem
1544 599 1672 642 Heim
1711 600 1904 644 comitis*
1936 601 2090 645 Kelian

461 680 687 713 teneretur.

1096 775 1171 821 Nr-
1206 791 1273 834 73·
1306 778 1450 836 (299·)

605 861 779 913 Forcos,
809 858 1011 916 ioubagio
1044 859 1271 912 Laurentii,
1302 859 1355 903 de
1386 859 1482 903 villa
1514 860 1657 918 Cups5
1694 861 1877 915 impetiit
1920 847 2111 905 convii--

459 934 602 977 lanum
645 947 782 985 suum,
826 931 1025 983 Pousam,
1067 930 1311 974 libertinum
1343 931 1532 975 eiusdem
1565 932 1792 985 Laurentii,
1823 931 1875 976 de
1908 932 2089 976 combu-

459 1005 597 1049 stione
631 1003 785 1047 domus
807 1014 850 1046 et
871 1002 1030 1046 damno
1051 1003 1179 1045 trium
1199 1018 1449 1057 marcarum,
1478 1003 1616 1048 iudice
1637 1003 1826 1061 praefato
1846 1004 2089 1057 Laurentio,

459 1074 661 1134 pristaldo
695 1074 910 1132 Gregorio
944 1073 995 1117 de
1028 1073 1240 1130 praedicta
1271 1073 1382 1118 villa.
1416 1075 1568 1128 Pousa,
1598 1086 1769 1132 portato
1803 1078 1929 1128 serro,
1965 1075 2089 1119 iusti-

458 1146 607 1191 ficatus
640 1157 715 1190 est.

1095 1253 1170 1299 Nr.
1203 1268 1271 1311 74.
1305 1252 1450 1312 (300.)

601 1337 853 1382 castrenses
886 1336 937 1380 de
970 1336 1156 1380 Carasna
1188 1336 1241 1380 de
1271 1336 1368 1380 villa
1400 1337 1518 1380 Ban⁶
1548 1336 1724 1381 scilicet:
1746 1336 1953 1394 Damang,
1973 1337 2089 1390 Duh,

455 1409 631 1463 Nusata,
664 1419 706 1452 et
736 1423 887 1451 omnes
926 1407 996 1451 alii
1039 1407 1091 1451 de
1136 1407 1286 1451 eadem
1326 1407 1437 1461 villa,
1479 1407 1756 1451 coadjuvante
1798 1423 1874 1451 eos
1917 1407 2088 1466 Tumpa

458 1480 721 1533 centurione,
753 1491 799 1522 ut
829 1477 1052 1536 pristaldus
1098 1479 1284 1532 astruxit,
1326 1479 1598 1536 impetierunt
1642 1478 1865 1537 quendam,
1907 1479 2088 1523 scilicet:

457 1553 591 1605 Iecur,
626 1550 760 1594 filium
803 1549 958 1603 Redea,
996 1550 1071 1594 Sol
1102 1561 1144 1593 et
1188 1551 1369 1603 Boutun,
1412 1549 1522 1593 filios
1568 1549 1726 1604 Sacicu,
1769 1549 1913 1607 Syteci
1954 1550 2087 1595 filium

457 1623 623 1676 Babuci,
655 1621 858 1675 dicentes,
891 1621 1007 1680 quod
1038 1622 1236 1665 concives
1269 1632 1411 1665 essent
1443 1636 1603 1666 eorum.
1626 1621 1690 1665 Illi
1715 1632 1858 1665 autem
1877 1621 2085 1674 dixerunt,

455 1710 501 1739 se
534 1709 627 1738 esse
659 1693 815 1737 liberos
853 1704 897 1736 et
941 1708 1099 1750 genere
1142 1693 1380 1746 Ruthenos‚
1424 1704 1467 1736 et
1511 1692 1772 1737 adduxerunt
1815 1692 2086 1737 defensorem

453 1765 655 1809 libertatis
688 1779 801 1814 suae,
838 1764 1013 1808 nomine
1057 1763 1243 1818 Chedur,
1285 1778 1443 1821 genere
1486 1764 1745 1817 Ruthenum,
1785 1763 2084 1821 ioubagionem

457 1835 682 1888 Barnabae,
713 1836 784 1894 qui
816 1835 960 1879 dicens
991 1835 1086 1878 illos
1125 1846 1332 1892 cognatos
1375 1850 1474 1878 suos
1520 1850 1627 1889 esse,
1670 1835 1806 1878 tenuit
1846 1834 2084 1880 libertatem

453 1923 617 1960 eorum,
647 1906 784 1951 iudice
817 1906 954 1963 Tupa,
986 1907 1127 1950 curiali
1159 1906 1317 1950 comite
1351 1905 1403 1950 de
1437 1906 1633 1959 Carasna,
1676 1905 1879 1963 pristaldo
1921 1907 2085 1958 Donca,

453 1978 505 2022 de
550 1978 648 2021 villa
694 1978 870 2034 Βοὲυε..7
896 1977 1090 2021 ¹Chedur
1134 1978 1289 2035 itaque,
1330 1989 1500 2035 portato
1546 1977 1675 2031 ferro,
1717 1976 1965 2021 iustificatus
2007 1989 2081 2021 est.

453 2048 652 2094 Probavit
683 2048 776 2091 illos
809 2048 964 2091 liberos
997 2063 1102 2092 esse.

595 2203 606 2236 ¹.
633 2203 739 2238 Nunc
764 2203 934 2250 Nameny
959 2204 996 2237 in
1023 2213 1118 2238 com.
1144 2204 1316 2239 Szatmdr.

595 2262 609 2282 2
635 2263 743 2299 Sebes
769 2261 794 2296 Ι.
823 2262 867 2297 de
893 2273 1026 2308 genere
1052 2262 1366 2309 Hont-szmziny.

595 2322 609 2342 ⁸
635 2323 748 2368 Supra
775 2333 828 2356 nr.
859 2332 899 2367 39
925 2320 1026 2355 Infra
1052 2332 1104 2355 nr.
1136 2331 1213 2366 117,
1237 2331 1312 2367 133.

592 2381 607 2401 ⁴
632 2381 675 2416 In
701 2381 860 2416 editione
885 2380 1063 2426 principe:
1092 2380 1226 2414 comiti.

594 2440 609 2460 ⁵
622 2441 738 2486 Pagus
756 2440 855 2486 Kups
871 2462 907 2475 2:
920 2441 1096 2487 Kupch=
1110 2437 1229 2487 Kopcs
1243 2453 1263 2476 a
1281 2441 1488 2476 Debreczen
1507 2448 1677 2487 septentr.
1698 2448 1733 2475 et
1750 2441 1930 2475 orientem
1956 2451 2077 2475 versus

451 2502 489 2536 in
520 2501 706 2535 vicinitate
732 2511 909 2546 pagorum
935 2500 1074 2535 Hathziz
1102 2508 1136 2536 et
1162 2501 1317 2536 Saimson
1343 2501 1441 2535 situs.
1468 2499 1615 2535 Confer.
1653 2499 1814 2535 Wenzel.
1852 2490 1938 2546 Arp.
1978 2498 2077 2534 okm.

450 2560 526 2595 XII.
555 2559 635 2602 664.
660 2559 772 2605 Zichy
799 2559 823 2593 I.
855 2569 930 2604 523.

594 2618 607 2638 ⁶
633 2619 753 2653 Hodie
782 2618 1084 2654 Also-Felso-Bzin
1110 2620 1147 2653 in
1175 2630 1269 2653 com.
1297 2618 1463 2653 Kraszna.
1491 2617 1601 2652 Conf.
1628 2628 1731 2663 supra
1758 2628 1810 2652 nr.
1837 2619 1893 2659 22,
1924 2620 1975 2661 59.

594 2678 607 2699 ⁷
632 2678 739 2713 Nunc
764 2678 1050 2724 Szilzigy-Bagos.
