2170 3210
429 175 493 200 102

424 322 524 351 nem
555 308 752 352 Andreae
783 309 834 352 11.
866 309 977 366 regis
998 309 1165 354 iniiciat.
1197 323 1308 367 29-a
1340 311 1497 354 mensis
1529 310 1795 369 Septembris
1817 312 1903 356 hoc
1925 314 2042 356 testi-

425 379 619 423 monium
650 381 842 424 notarius
874 391 1068 437 regestro
1100 381 1250 426 intulit.
1284 382 1395 425 Hinc
1428 397 1531 439 ergo
1577 393 1741 427 certum
1772 394 1850 437 est,
1880 384 2054 441 negotia

426 465 610 508 quorum
641 452 778 495 exitus
810 451 894 496 hoc
924 453 970 496 in
1002 452 1112 496 fasce
1144 453 1397 506 referuntur,
1426 468 1573 498 mense
1605 453 1846 511 Septembri
1876 465 1920 498 et
1951 454 2054 498 sub-

426 521 697 579 sequentibus
730 522 943 567 mensibus
975 522 1159 567 Octobri
1191 535 1316 582 atque
1348 523 1586 568 Novembri
1618 536 1660 568 et
1707 537 1901 583 tempore
1934 526 2054 584 regi-

426 593 553 637 minis
585 592 780 637 Andreae
811 593 859 638 IL
892 594 1005 652 regis
1037 605 1214 638 tractata
1262 595 1404 641 fuisse.
1453 596 1587 639 Huius
1631 597 1693 640 rei
1735 598 1890 641 notitia
1921 611 2055 641 annos

433 678 538 722 1231
576 677 619 708 et
656 679 762 723 1235
798 665 983 709 excludit
1014 681 1037 709 e
1070 681 1252 710 numero
1292 682 1457 720 eorum,
1500 682 1683 725 quorum
1725 668 1834 712 ratio
1865 666 2057 712 habenda

428 747 504 787 est,
538 752 637 781 nam
669 747 872 780 autumno
911 751 1018 794 1231
1056 737 1274 781 Ladislaus
1311 739 1398 782 iarn
1439 739 1605 783 muneri
1644 754 1723 782 suo
1767 738 1980 792 valedixit,
2013 750 2056 782 et

428 823 540 851 anno
579 821 656 866 123
666 823 686 865 5
721 824 890 866 quoque
922 824 1040 852 mors
1073 808 1269 853 Andreae
1302 810 1366 863 IL,
1397 823 1507 853 21-a
1530 809 1787 867 Septembris
1807 810 1932 855 huius
1954 810 2051 853 anni

429 879 665 932 subsecuta,
697 879 935 923 Ladislaum
968 895 990 922 a
1022 879 1153 937 gradu
1188 878 1403 937 dignitatis
1436 895 1535 924 suae
1566 882 1723 924 iterum
1755 880 1918 927 deiecit.

571 950 755 994 Omissis
799 951 903 1004 aliis,
934 962 1231 1009 argumentum
1263 962 1427 995 tantum
1471 952 1697 1006 afferimus,
1741 952 1856 1011 quod
1899 951 2058 996 fascem

429 1021 541 1065 hunc
585 1037 617 1067 a.
668 1035 717 1065 12
725 1036 779 1079 34
828 1021 1096 1066 tribuendum
1150 1037 1241 1066 esse
1295 1023 1463 1069 evincit.
1515 1022 1713 1067 Vidimus
1763 1025 1848 1067 iam
1897 1023 2058 1067 fascem

426 1092 540 1136 hunc
574 1093 920 1137 testimoniorum
952 1094 1102 1137 maiori
1133 1109 1185 1138 ex
1218 1106 1336 1150 parte
1381 1106 1478 1151 post
1511 1108 1667 1151 29-am
1711 1094 1825 1139 diem
1870 1095 1913 1138 in
1944 1094 2055 1152 Sep-

430 1164 603 1208 tembris
648 1166 865 1222 scriptum.
910 1165 1174 1222 Aspiciamus
1215 1166 1300 1208 iam
1344 1165 1502 1209 fascem
1546 1167 1692 1210 statim
1732 1165 2058 1224 subsequentem

431 1246 525 1279 test.
573 1238 803 1294 383—389
853 1236 1129 1294 (136—142).
1176 1237 1283 1280 Ecce
1327 1236 1534 1291 videmus,
1578 1238 1712 1281 huius'
1751 1237 1887 1281 ultimi
1934 1236 2058 1280 fascis

433 1308 678 1351 testimonia
698 1308 819 1351 initio
840 1308 939 1351 anni
961 1321 1066 1365 1235
1093 1307 1204 1352 idest
1221 1307 1453 1352 secundum
1474 1320 1666 1353 nostram
1694 1309 2059 1365 computationem

434 1392 537 1435 25-a
583 1378 833 1422 Decembris
865 1395 899 1422 a.
938 1392 1048 1437 1234
1080 1380 1235 1435 scripta
1266 1379 1457 1438 adeoque
1474 1380 1718 1424 testimonia
1739 1395 1801 1423 nr.
1827 1380 2057 1436 372—382

433 1453 507 1504 (=
565 1463 615 1492 12
623 1450 812 1507 5—135)
866 1450 1021 1508 absque
1072 1449 1212 1508 aliquo
1265 1450 1522 1495 intermedio
1586 1452 1793 1508 temporis
1849 1450 2059 1507 excipere.

433 1520 560 1564 Nunc
593 1535 699 1578 ergo
731 1522 900 1578 penitus
932 1520 1043 1564 nulla
1076 1520 1194 1564 adest
1224 1522 1349 1575 ratio,
1380 1536 1508 1580 quare
1540 1522 1785 1566 testimonia
1817 1521 1923 1565 haec
1951 1532 1995 1564 et
2014 1522 2060 1565 in

436 1591 623 1636 editione
654 1593 844 1649 principe
877 1604 919 1635 et
951 1591 1098 1636 ordine
1130 1593 1342 1636 mensium
1376 1607 1564 1650 congrue
1586 1592 1859 1636 cohaerentia
1880 1590 2060 1635 divella-

434 1678 528 1706 mus
562 1675 603 1706 et
634 1664 747 1707 inter
778 1664 1024 1707 testimonia
1055 1662 1180 1706 fascis
1211 1678 1271 1707 nr.
1309 1664 1537 1721 372——382
1573 1666 1840 1721 (125—135)
1874 1674 1916 1707 et
1935 1662 2060 1706 fascis

435 1736 653 1792 sequentis
689 1735 828 1793 383—
838 1735 919 1792 389
954 1735 1222 1792 (136—142)
1254 1734 1403 1778 saltem
1434 1746 1614 1792 quatuor
1637 1749 1847 1778 annorum
1879 1735 2062 1791 spatium

434 1806 752 1849 interiiciamus.
786 1805 947 1863 Utique
978 1806 1122 1862 potius
1155 1817 1220 1848 est
1261 1805 1505 1860 tenendum,
1559 1805 1629 1849 hic
1671 1804 1759 1849 loci
1816 1806 1926 1862 5-6
1960 1804 2063 1848 folia

437 1888 657 1933 compacta
689 1888 760 1920 aut
806 1890 917 1935 2—3
964 1877 1264 1934 quaterniones
1305 1890 1517 1920 connexas
1562 1877 1783 1934 archetypi
1825 1877 1870 1919 in
1914 1890 2063 1918 manus

437 1947 597 1992 scribae
630 1964 663 1992 a.
702 1962 812 2005 1550
843 1947 1042 1992 incidisse
1074 1949 1297 2005 ipsumque
1329 1947 1399 1992 illa
1431 1959 1502 1991 aut
1532 1947 1622 1991 illas
1666 1948 1867 1991 continue
1900 1946 2063 1990 descri-

438 2020 583 2076 psisse.
615 2019 824 2078 Adeoque
858 2020 935 2064 hac
974 2021 1142 2064 ratione
1179 2019 1343 2063 inducti
1375 2019 1532 2063 fascem
1575 2031 1673 2064 test.
1722 2034 1784 2062 nr.
1833 2018 2063 2076 372—382

440 2090 710 2148 (125—135)
742 2090 825 2134 fine
859 2106 893 2135 a.
932 2104 1043 2149 1234
1081 2092 1285 2148 scripturn
1317 2106 1409 2134 esse
1441 2090 1631 2149 fascique
1679 2106 1712 2134 a.
1763 2103 1868 2147 1235
1918 2090 2064 2132 stricte

439 2162 720 2218 praecessisse
748 2155 986 2206 censemus,
