2170 3210
1720 139 1783 174 103

287 273 609 327 Testimonia
660 292 731 326 nr.
786 276 1063 343 383-—389
1117 272 1449 342 (136—142)
1513 272 1692 342 scripta
1743 291 1785 325 a.

150 376 296 429 1235.

285 453 477 498 Primum
509 453 636 499 huius
669 454 794 498 fascis
833 453 1133 497 testimonium
1178 452 1474 510 designatione
1520 452 1618 496 anni
1662 452 1788 496 inau-

143 525 277 583 gurali
317 525 550 571 exorditur.
583 526 749 571 Summi
780 527 1068 584 magistratus,
1106 524 1175 568 hic
1219 523 1368 569 ordine
1414 524 1666 578 enumerati,
1713 535 1788 568 ut-

141 609 245 655 pote
276 613 353 642 rex
383 597 578 643 Andreas
609 599 658 643 II.
692 597 947 643 Benedictus
980 597 1205 655 episcopus
1227 595 1546 648 Varadinensis,
1566 596 1789 641 Dionisius

141 669 366 728 palatinus,
397 670 639 729 Stephanus
671 686 818 715 comes
851 670 1113 715 Bihariensis
1146 685 1170 714 e
1215 668 1485 713 documentis
1523 669 1652 713 etiam
1696 668 1790 712 noti

143 757 340 802 annoque
386 755 496 801 1235
543 741 788 786 muneribus
832 741 1061 799 fungentes
1106 742 1384 799 reperiuntur.
1419 739 1791 798 Supervacaneum

143 829 249 872 ergo
283 826 347 859 est
380 825 526 859 ortum
558 830 592 859 a.
630 828 738 874 1235
773 814 898 858 huius
932 813 1055 858 fascis
1088 813 1261 857 ulterius
1295 812 1604 856 demonstrare.

285 885 333 931 Id
363 898 508 932 tamen
539 901 716 931 necesse
747 885 915 930 videtur
947 886 1113 939 afferre,
1157 896 1324 929 textum
1369 884 1608 929 testimonii
1654 883 1792 928 ultimi

142 958 267 1003 huius
312 959 438 1004 fascis
485 959 568 1017 389
613 958 733 1017 (142)
777 958 953 1002 minime
998 973 1235 1016 repugnare
1279 958 1414 1002 textui
1457 969 1552 1002 test.
1597 972 1658 1001 nr.
1706 958 1786 1013 361

149 1031 251 1089 350)
272 1046 384 1075 anno
414 1045 524 1088 1229
548 1031 703 1089 scripti.
725 1029 970 1075 Secundum
992 1030 1076 1074 hoc
1108 1041 1202 1074 test.
1236 1045 1297 1075 nr.
1336 1033 1413 1088 361
1443 1029 1578 1089 (350)
1601 1045 1639 1075 a.
1677 1042 1789 1085 1229

141 1104 229 1148 iam
243 1103 429 1148 Michael
461 1102 868 1162 dignitate{cantoris
891 1101 1164 1146 Varadiensis
1186 1102 1326 1156 floret,
1357 1114 1400 1146 at
1432 1102 1594 1159 inZtest.
1617 1117 1680 1146 nr.
1704 1102 1787 1160 389

142 1174 273 1235 (142)
305 1175 442 1220 adhuc
474 1175 639 1220 mentio
671 1174 722 1219 fit
759 1174 974 1219 Valeriani
1008 1174 1193 1218 cantoris
1237 1173 1524 1227 Varadiensis,
1556 1173 1627 1232 qui
1673 1172 1790 1216 refe—

141 1247 333 1292 rentibus
365 1248 621 1292 testimoniis
653 1262 712 1292 nr.
750 1261 805 1305 54
836 1246 966 1306 (150)
1000 1258 1042 1290 et
1093 1259 1173 1290 112
1219 1245 1352 1306 (174)
1398 1246 1517 1290 annis
1558 1258 1788 1303 1213—15

142 1319 288 1364 munia
320 1319 507 1364 cantoris
539 1319 690 1366 obivit.
721 1319 927 1363 Attamen
960 1330 1055 1363 test.
1084 1335 1145 1364 nr.
1172 1319 1254 1377 389
1277 1318 1405 1378 (142)
1426 1318 1606 1363 minime
1627 1317 1794 1371 asserit,

145 1391 423 1436 Valerianum
456 1407 569 1436 anno
608 1406 717 1450 1235
753 1391 891 1436 adhuc
923 1407 1077 1435 munus
1111 1391 1295 1435 cantoris
1328 1391 1592 1437 sustinuisse.
1616 1389 1649 1433 E
1669 1401 1791 1434 textu

143 1474 239 1508 test.
272 1463 397 1507 huius
428 1463 472 1508 id
503 1463 643 1508 solum
675 1464 755 1508 rite
789 1463 1070 1517 concluditur,
1101 1462 1379 1507 Valerianum
1411 1473 1630 1507 cantorem
1659 1461 1792 1519 Capi-

142 1535 220 1580 tuli
271 1535 575 1580 Varadinensis
625 1536 762 1594 egisse
807 1548 920 1589 tunc,
966 1534 1136 1595 quando
1184 1533 1381 1579 ancillam
1425 1535 1596 1593 Agnam
1639 1533 1793 1578 viduae

144 1608 340 1665 Herczeg
371 1606 612 1668 (Hertvig?)
646 1609 906 1667 cognomine
940 1608 1065 1651 Barsa
1098 1606 1290 1652 vendidit
1322 1618 1365 1651 et
1397 1609 1456 1651 sic
1497 1606 1637 1650 omnis
1660 1620 1794 1663 repu-

142 1691 315 1739 gnantla
346 1692 573 1725 evanesclt.

287 1861 482 1919 Diligens
513 1862 650 1906 lector
670 1861 792 1905 facile
825 1860 1068 1905 observabit
1100 1860 1141 1904 in
1175 1871 1367 1918 regestro
1390 1858 1687 1913 Varadinensi,
1708 1859 1794 1903 iam

145 1933 454 1992 chronologice
499 1933 669 1991 digesto
709 1945 875 1978 certum
908 1932 1124 1992 quendam
1154 1947 1417 1990 processum.
1455 1930 1792 1976 Procedentibus

145 2006 258 2050 enim
313 2006 432 2050 annis
476 2006 613 2063 magis
661 2021 708 2050 ac
746 2005 882 2063 magis
928 2015 1107 2062 augetur
1163 2019 1366 2048 numerus
1430 2004 1796 2057 testimoniorum,

144 2077 189 2121 in
221 2077 370 2137 quibus
402 2078 589 2135 negotia,
621 2077 807 2121 examini
839 2077 939 2121 ferri
971 2076 1190 2133 candentis
1234 2076 1473 2120 nullatenus
1506 2075 1796 2128 cohaerentia,

145 2149 283 2194 civilia
314 2164 470 2208 nempe
497 2161 540 2194 et
572 2149 1166 2208 possessoria(eliberationes
1181 2148 1505 2206 mancipiorum,
1527 2147 1797 2200 donationeS,

144 2223 483 2280 permutationes
515 2222 730 2266 bonorum
763 2222 846 2279 etc)
878 2221 1172 2266 describuntur
1206 2233 1248 2264 et
1281 2219 1467 2280 quidem,
1501 2235 1586 2279 quo
1619 2218 1794 2263 ulterius

144 2293 456 2351 progredimur,
517 2310 572 2339 eo
622 2294 830 2352 prolixius
890 2293 1217 2351 accuratiusque.
1272 2292 1305 2335 E
1359 2292 1575 2336 contrario
1640 2305 1793 2335 causae

145 2365 397 2422 criminales,
428 2366 678 2423 praesertim
709 2365 806 2411 illae
856 2365 1050 2409 examine
1090 2364 1191 2409 ferri
1235 2364 1454 2409 candentis
1499 2363 1666 2408 decisae
1711 2362 1793 2407 de·-

146 2450 356 2491 crescunt,
388 2437 511 2492 adeo,
542 2450 587 2482 ut
620 2454 654 2484 a.
694 2452 802 2495 1229
836 2438 879 2481 in
913 2436 1154 2496 quindecim
1187 2437 1322 2481 causis
1361 2448 1528 2480 tantum
1573 2436 1725 2488 sexieS,
1761 2451 1795 2479 a.

152 2522 265 2567 1234
295 2510 339 2554 in
371 2509 568 2554 undecim
601 2511 736 2555 causis
770 2522 935 2554 tantum
980 2509 1041 2553 bis
1086 2525 1120 2556 a.
1174 2523 1281 2567 1235
1325 2524 1404 2553 nec
1445 2507 1580 2552 semel
1623 2507 1794 2566 quidem

148 2596 330 2625 examen
373 2581 472 2626 ferri
527 2581 742 2627 candentis
786 2581 1054 2639 praecipitur.
1099 2581 1212 2638 Ergo
1258 2592 1355 2625 ante
1416 2580 1565 2624 oculos
1623 2590 1796 2623 nostros

147 2652 236 2698 fere
268 2666 510 2712 regestrum
542 2655 786 2699 examinum
820 2654 921 2698 ferri
954 2653 1172 2698 candentis
1205 2652 1534 2697 transformatur
1567 2651 1610 2694 in
1658 2649 1795 2707 ephe-
