2170 3210
412 134 456 170 88

551 276 620 320 Ad
652 276 998 320 constituendum
1030 292 1186 320 annum
1230 276 1415 321 fasciculi
1458 279 1631 323 secundi
1675 291 1767 323 test.
1800 295 1860 324 nr.
1893 292 2032 335 207—

412 362 494 405 213
530 369 585 384 =
622 361 790 405 39-——45
826 347 1003 392 inservit
1033 347 1155 392 nobis
1201 348 1339 405 primo
1385 360 1478 394 test.
1522 365 1583 395 nr.
1627 364 1711 407 207
1746 349 1848 410 (39)
1879 351 1922 394 in
1954 365 2039 409 quo

409 420 636 463 Neuka-m
673 418 914 473 Vajvodam
952 418 1327 476 Transsylvanum,
1359 435 1535 464 munere
1568 419 1817 479 fungentem
1848 422 2039 479 legimus

410 491 592 535 Constat
638 500 780 534 autem
823 490 1051 534 Neuka-m
1094 490 1206 535 hunc
1250 491 1391 534 solum
1429 506 1541 535 anno
1591 505 1699 548 1219
1732 508 1884 536 munus
1916 508 2040 536 suum

409 562 625 619 incepisse.
659 564 811 620 Neque
843 562 979 605 multo
1011 573 1110 619 post
1133 562 1216 606 hoc
1248 563 1540 607 testimonium
1573 574 1788 608 exaratum
1820 564 1911 619 fuit,
1941 580 2039 608 nam

410 649 442 678 a.
494 646 599 677 1221
656 633 740 676 iam
783 649 871 677 non
920 633 1088 687 Neuka,
1138 633 1214 677 sed
1256 633 1423 687 Paulus,
1466 633 1579 678 filius
1625 635 1753 688 Petri,
1801 635 2039 694 Vajvodam

410 704 774 762 Transsylvanum
806 705 903 761 egit.
937 704 1118 749 Evidens
1165 716 1307 749 autem
1352 705 1553 749 indicium
1597 706 1730 750 stricti
1760 707 1964 764 temporis
1995 707 2039 751 in

410 787 508 822 test.
539 792 600 820 nr.
635 789 719 820 212
753 775 856 836 (44)
900 776 1024 820 huius
1071 776 1254 820 fasciculi
1298 777 1419 820 nobis
1463 776 1764 830 subministrat,
1814 793 1912 821 nam
1955 778 2038 822 hoc

410 848 705 892 testimonium
738 848 942 891 comitem
989 847 1189 891 curialem
1233 848 1589 892 Szolnokiensem
1620 848 1802 892 Tobiam
1837 849 2038 893 nominat.

409 921 511 965 Non
543 934 647 976 ergo
681 918 763 962 alio
797 918 884 963 fors
918 934 1030 962 anno
1067 932 1173 962 1221
1209 918 1278 963 vel
1316 933 1440 973 1220,
1483 919 1557 963 sed
1589 920 1734 964 stricte
1767 935 1879 964 anno
1925 933 2034 977 1219

409 991 521 1034 hunc
552 989 796 1034 fasciculum
827 990 1016 1034 notarius
1048 1002 1243 1048 segestro
1275 991 1425 1034 intulit.
1455 991 1548 1034 Imo
1572 1006 1660 1034 non
1682 1003 1848 1035 tantum
1868 1006 2037 1044 annum,

409 1061 485 1106 sed
528 1061 691 1105 circiter
736 1062 862 1104 etiam
913 1077 1107 1105 mensem
1151 1062 1434 1119 inscriptionis
1479 1062 1601 1106 huius
1654 1062 1839 1107 fasciculi
1889 1062 2036 1106 deter-

409 1133 571 1177 minare
602 1132 723 1176 nobis
757 1132 865 1176 licet.
899 1132 1141 1177 Secundum
1173 1134 1467 1177 testimonium
1498 1149 1560 1178 nr.
1595 1148 1677 1192 213
1715 1133 1817 1193 (45)
1841 1134 1903 1178 rei
1930 1149 2036 1191 pto-

409 1205 583 1248 mittunt
626 1220 670 1247 se
717 1204 812 1247 filiis
860 1203 1043 1247 hominis
1086 1204 1214 1247 occisi
1251 1206 1367 1248 velut
1409 1205 1592 1262 pretium
1624 1206 1835 1263 sanguinis
1868 1205 1949 1248 fusi
1981 1219 2032 1262 71

408 1290 569 1320 marcas
602 1276 765 1332 argenti
797 1276 904 1319 trina
936 1275 1028 1318 vice
1060 1275 1275 1319 soluturos
1308 1290 1349 1319 et
1381 1275 1552 1334 quidem
1570 1277 1611 1320 in
1635 1276 1826 1321 terminis
1858 1292 2036 1335 sequen-

409 1347 541 1390 tibus:
575 1360 685 1390 22-a
714 1347 805 1390 Iulii
838 1360 895 1403 24
927 1362 1103 1400 marcaS,
1148 1348 1226 1391 8-a
1259 1347 1518 1405 Septembris
1564 1361 1621 1404 24
1662 1363 1823 1391 marcas
1867 1359 1910 1391 et
1961 1362 2035 1391 1-a

409 1418 667 1462 Novembris
701 1432 752 1477 23
789 1433 961 1464 marcas,
994 1419 1182 1462 Intuenti
1213 1431 1342 1476 patet,
1374 1434 1471 1463 reos
1516 1418 1568 1462 ad
1599 1418 1827 1463 secundam
1869 1429 1912 1462 et
1943 1430 2035 1462 ter-

408 1490 510 1533 tiam
541 1490 801 1533 solutionem
833 1489 1076 1533 dilationem
1110 1490 1274 1534 circiter
1306 1490 1659 1548 sesquimensium
1679 1489 1888 1534 intervalli
1910 1504 2035 1533 acce-

407 1562 532 1618 pisse.
564 1560 703 1604 Tanta
736 1561 879 1619 utique
914 1560 1057 1604 dilatio
1092 1562 1220 1604 etiam
1252 1560 1303 1604 ad
1333 1562 1512 1618 primam
1552 1561 1612 1605 eis
1645 1576 1847 1605 concessa
1881 1572 1957 1604 est.
1990 1560 2034 1603 Si

408 1647 511 1689 ergo
559 1648 593 1675 a.
647 1645 757 1675 22-a
801 1631 867 1675 die
899 1631 991 1675 Iulii
1038 1643 1152 1675 retro
1192 1632 1458 1676 intervallum
1502 1632 1857 1691 sesquimensium
1889 1632 2033 1690 queri-

407 1719 515 1756 mus,
547 1703 598 1747 ad
633 1718 746 1760 5-am
778 1704 885 1746 Iunii
917 1703 1031 1747 diem
1063 1703 1325 1761 appellimUS.

551 1774 689 1818 Tertii
721 1774 905 1818 fasciculi
937 1790 1093 1818 annum
1125 1775 1209 1817 iam
1240 1775 1430 1832 superius
1463 1775 1626 1819 abunde
1658 1775 1934 1819 ostendimus

551 1845 705 1899 Quarti
737 1845 921 1889 fasciculi
958 1857 1051 1890 test.
1099 1861 1160 1889 nr.
1196 1847 1428 1889 226-228
1473 1845 1696 1906 (96—98)
1737 1861 1870 1890 annus
1914 1845 2034 1890 facile

408 1916 567 1960 eruitur
606 1932 628 1959 e
674 1917 923 1960 testimonio
964 1933 1026 1960 nr.
1062 1917 1146 1960 228
1191 1915 1308 1976 (98),
1353 1917 1422 1960 ubi
1471 1917 1633 1961 Tobias
1674 1932 1819 1961 comes
1872 1917 2033 1961 curialis

408 1987 726 2032 Szolnokiensis
759 1987 952 2032 occurrit.
986 1988 1148 2032 Eodem
1182 1988 1429 2031 testimonio
1453 1988 1678 2042 referente,
1698 1989 1759 2032 rei
1778 2004 1856 2046 pro
1877 1988 2033 2032 damno

408 2059 524 2103 illato
571 2059 831 2103 solutionem
866 2074 885 2116 3
924 2075 1159 2103 marcarum
1202 2059 1362 2116 argenti
1404 2060 1515 2116 pacti
1546 2072 1643 2103 sunt
1676 2071 1718 2103 et
1750 2059 1920 2118 quidem
1953 2059 2032 2103 8··a

406 2146 463 2174 m.
496 2129 766 2186 Septembris.
798 2131 962 2184 Posito,
994 2143 1038 2173 ut
1073 2130 1124 2174 ad
1156 2131 1263 2173 hanc
1304 2146 1515 2173 summam
1546 2131 1758 2188 pecuniae,
1805 2146 1911 2188 quae
1944 2130 2032 2174 aliis

406 2201 571 2245 mulctis
605 2213 847 2258 comparata
878 2202 1030 2259 exigua
1069 2201 1148 2245 dici
1191 2213 1345 2258 potest,
1393 2201 1723 2259 conquirendam
1766 2200 2032 2245 hebdomada

407 2288 490 2316 una
532 2272 767 2315 necessaria
819 2272 957 2326 fuerit,
1002 2272 1113 2316 diem
1164 2273 1328 2315 circiter
1379 2287 1500 2315 1-a1n
1541 2272 1800 2330 Septembris
1845 2287 2032 2316 asserere

407 2342 622 2396 debemus,
667 2358 751 2400 quo
795 2344 1088 2387 testimonium
1132 2343 1214 2387 hoc
1259 2355 1451 2400 regestro
1496 2343 1657 2386 illatum
1695 2343 1783 2388 fuit.
1837 2343 2031 2387 Vidimus

407 2425 550 2457 autem
582 2414 875 2457 testimonium
906 2414 1102 2457 ultimum
1133 2414 1318 2458 fasciculi
1350 2414 1463 2457 tertii
1494 2429 1554 2457 nr.
1587 2427 1667 2456 221
1695 2413 1767 2472 (8)
1790 2425 1905 2457 recte
1927 2414 1982 2457 28
2008 2429 2031 2456 a

407 2484 474 2528 die
507 2484 689 2542 Augusti
720 2485 982 2542 inscriptum,
1027 2485 1232 2544 adeoque,
1270 2485 1304 2527 si
1348 2484 1568 2528 fasciculus
1620 2496 1793 2542 quartus
1840 2485 2031 2529 examina

406 2554 505 2598 ferri
537 2553 752 2598 candentis
784 2555 904 2598 initio
937 2571 990 2600 m.
1014 2556 1268 2612 Septembris
1292 2567 1459 2612 peracta
1490 2556 1691 2609 continet,
1724 2555 2030 2611 chronologice

406 2625 551 2669 stricta
584 2626 847 2669 continuatio
881 2626 1067 2669 fasciculi
1099 2627 1211 2669 tertii
1245 2626 1333 2670 fuit.
