2170 3210
1715 176 1781 212 271

762 305 840 350 Nr.
876 319 973 363 313.
1010 305 1155 364 (364.)

283 389 466 434 Humilis
489 400 727 434 conventus
749 388 950 434 ecclesiae
982 389 1274 434 waradiensis
1297 391 1509 445 omnibus,
1536 405 1784 450 praesentes

138 462 300 508 litteras
349 462 614 520 inspecturis,
661 472 880 506 aeternam
931 461 1113 506 salutem
1157 463 1202 507 in
1251 462 1457 508 Domin0.
1502 464 1785 510 Universitati

138 538 307 579 vestrae
338 544 646 588 contestamur,
677 532 794 593 quod
824 534 1002 578 veniens
1034 533 1087 578 ad
1118 548 1198 577 nos
1231 534 1417 593 quidam,
1439 536 1615 581 nomine
1654 537 1783 593 Zoba‚

141 605 212 666 (ut
242 607 332 665 ipse
366 605 471 650 dixit
503 621 548 650 se
580 604 763 665 vocari),
793 605 941 650 statuit
974 621 1120 650 coram
1151 606 1275 650 nobis
1324 606 1432 651 duos
1478 608 1592 652 cives
1640 609 1784 654 Ferrei

141 679 294 733 Castri,
325 679 485 723 scilicet
517 678 722 723 Miculam
754 689 797 722 et
829 677 1092 734 Crachium,1
1126 690 1173 722 ut
1204 677 1320 723 idern
1340 679 1456 723 Zoba
1489 679 1594 724 dixit
1618 680 1670 725 de
1691 681 1786 735 illis,

139 765 332 795 asserens
363 750 459 795 illos
492 761 536 794 et
566 765 720 794 omnes
754 749 992 794 eorundem
1025 750 1289 794 convillanos
1335 750 1387 795 de
1432 751 1531 795 villa
1575 752 1783 806 Thozarf

137 823 372 881 impetiisse
405 822 613 881 quosdam
645 822 863 866 ministros
895 822 1008 880 regis
1040 822 1201 867 scilicet
1233 822 1424 868 Czunam
1447 836 1490 868 et
1521 824 1783 882 Gregorium

138 894 192 940 de
222 894 322 939 villa
354 894 509 940 Caku³
539 909 617 952 pro
650 894 803 953 injusta
835 894 1118 952 occupatione
1150 906 1289 939 terrae
1323 895 1459 941 castri.
1489 895 1620 940 Cuius
1644 908 1782 941 terrae

138 967 191 1012 N.
225 978 300 1012 est.
332 967 454 1025 Ipsos
486 978 631 1011 autem
663 966 881 1011 ministros
914 966 1026 1024 regis
1069 966 1353 1024 respondisse,
1400 967 1580 1012 eandem
1621 980 1780 1013 terram

138 1053 232 1083 esse
263 1037 604 1092 haereditariam,
641 1037 872 1083 Nicolaum
915 1053 1035 1092 vero,
1080 1039 1288 1083 comitem
1331 1039 1571 1083 Palatinum
1614 1040 1782 1084 misisse

137 1121 362 1170 utramque
393 1122 559 1168 partem
590 1109 644 1154 ad
676 1125 858 1154 examen
880 1110 981 1154 ferri
1003 1110 1220 1155 candentis
1239 1126 1316 1169 per
1334 1111 1586 1169 pristaldum
1605 1112 1781 1156 nomine

138 1181 403 1237 Simeonem,
434 1181 571 1226 filium
604 1182 708 1227 Wid
740 1181 792 1226 de
824 1181 923 1226 villa
954 1184 1073 1241 Sag‚4
1105 1182 1223 1226 cuius
1254 1183 1344 1241 ipse
1376 1183 1492 1228 Zoba
1524 1185 1645 1227 erat⁵
1685 1199 1780 1228 ser-

135 1255 256 1300 viens
303 1253 599 1310 Waradinum,
646 1254 718 1298 ubi
762 1254 900 1299 taliter
945 1265 1263 1299 convenerunt:
1310 1255 1426 1314 quod
1469 1256 1781 1313 praenominati

137 1326 318 1371 ministri
352 1326 643 1371 satisfacerent
664 1325 793 1371 iudici
826 1338 869 1370 et
899 1326 1115 1383 pristaldo,
1148 1326 1398 1371 adversariis
1443 1339 1586 1371 autem
1630 1343 1781 1372 eorum

137 1398 287 1444 darent
319 1409 511 1458 quartam
542 1409 708 1456 partem
740 1409 879 1442 terrae
910 1398 1165 1456 praedictae,
1188 1410 1276 1444 tres
1294 1414 1401 1443 vero
1420 1411 1562 1457 partes
1583 1401 1630 1445 in
1651 1400 1778 1459 quin-

136 1486 218 1530 que
255 1471 480 1528 portiones
526 1470 585 1515 ita
629 1470 899 1524 dividerent‚⁶
945 1470 1059 1530 quod
1105 1482 1192 1515 tres
1237 1471 1290 1515 de
1335 1471 1519 1531 quinque
1567 1473 1780 1529 acciperet

137 1542 373 1602 Gregorius
406 1557 505 1587 cum
537 1542 876 1588 condivisoribus
909 1543 1024 1587 suius
1066 1543 1282 1601 superius:
1327 1543 1434 1588 duos
1466 1559 1572 1588 vero
1604 1544 1783 1589 inferius

137 1614 283 1661 Czuna
314 1630 412 1660 curn
443 1615 715 1660 consortibus
747 1616 849 1661 suiS.

756 1777 834 1822 Nr.
904 1791 920 1820 1
1055 1779 1078 1821 6
1115 1812 1123 1821 .

279 1860 450 1915 Micula,
471 1860 701 1906 Chrachun
732 1872 775 1905 et
797 1775 1059 1905 alii3de4vill3a
1078 1776 1247 1905 ἐξελεῖ
1266 1862 1282 1887 ⁷
1303 1871 1521 1905 traxerunt
1541 1861 1586 1906 in
1609 1877 1779 1906 causam

136 1932 413 1992 Obulganum
465 1932 518 1977 de
566 1933 663 1977 villa
716 1932 876 1977 Saden8
924 1947 1003 1990 pro
1054 1932 1171 1977 fenili
1222 1947 1369 1977 coram
1416 1932 1554 1978 iudice
1593 1933 1781 1978 Nicolao

135 2005 296 2050 comite
327 2004 538 2062 Palatino,
571 2006 644 2064 qui
676 2004 904 2049 discutiens
937 2017 1160 2064 utramque
1207 2017 1373 2063 partem
1405 2005 1521 2049 misit
1563 2021 1639 2064 per
1683 2007 1778 2063 pri-

277 2155 290 2177 ¹
316 2155 430 2192 Recte
456 2155 627 2191 Crachun
653 2156 743 2191 idest
769 2155 965 2191 Kar-Aeson.

279 2215 294 2236 ²
321 2215 425 2252 Olim
449 2227 562 2263 pagus
587 2217 626 2252 in
653 2227 749 2251 com.
776 2216 847 2250 Vas
874 2217 971 2251 iuxta
997 2215 1150 2252 fluvium
1176 2216 1318 2263 Repcze
1345 2228 1364 2251 a
1389 2216 1501 2252 Niczk
1544 2216 1778 2251 occidentem

134 2286 267 2312 versus.
286 2275 385 2311 Infra
411 2288 465 2312 nr.
495 2286 572 2322 314.

278 2335 292 2356 ⁸
317 2336 414 2372 Idest
451 2335 554 2382 Tyzik
593 2347 706 2383 pagus
744 2347 841 2371 nunc
877 2335 980 2382 Jakfa
1018 2336 1056 2370 in
1095 2347 1191 2372 com.
1237 2336 1319 2372 Vas.
1366 2336 1475 2372 Conf.
1516 2336 1642 2371 Codex
1687 2343 1776 2382 patr.

134 2395 195 2431 VI.
227 2395 351 2441 15-6.

277 2456 292 2477 ⁴
317 2457 391 2503 Sag
415 2467 529 2504 prope
553 2456 746 2493 Kis-Czell.
773 2457 872 2492 Infra
898 2468 950 2492 nr.
982 2466 1058 2502 314.

280 2515 293 2536 ⁵
318 2517 359 2551 In
385 2516 548 2552 editione
574 2517 739 2563 principe
766 2527 940 2552 erronee:
969 2517 1069 2552 exab.

278 2575 291 2595 ⁶
315 2577 357 2611 In
384 2577 543 2612 editione
569 2577 733 2623 principe
759 2587 933 2613 erronee:
962 2577 1172 2614 dividervet.

278 2636 290 2658 ⁷
317 2637 359 2672 V.
387 2647 494 2683 supra
521 2648 575 2672 nr.
607 2647 683 2682 313.

279 2698 292 2719 ⁸
316 2697 430 2733 Recte
455 2697 578 2733 Sedun
604 2697 695 2733 idest
721 2697 897 2744 Zsedeny.
925 2697 1036 2733 Conf.
1064 2697 1155 2733 Cod.
1181 2705 1269 2745 patr.
1296 2697 1388 2732 VIII.
1420 2707 1472 2742 33.
