2170 3210
1690 149 1752 185 175

755 293 831 338 Nr.
869 306 935 350 57.
967 293 1100 352 (153.)

251 376 358 431 Ellu,
378 376 489 421 filius
510 378 684 434 Joannis
716 377 899 431 comitis,
919 377 1103 435 impetiit
1126 377 1345 432 Cunsudu,
1367 393 1541 422 seruum
1567 377 1755 431 Adriani,

108 446 161 492 de
192 447 291 493 villa
313 448 434 502 Silu,²
457 451 620 494 sororis
642 450 745 504 eius,
763 450 909 493 uxoris
931 449 1030 503 Vid,
1052 449 1106 493 de
1125 449 1255 503 furto,
1276 449 1413 494 iudice
1435 449 1583 504 Paulo,
1609 449 1755 494 curiali

107 519 269 565 comite
302 519 356 565 de
388 521 556 576 Bichor,
586 521 792 580 pristaldo
825 522 983 579 Boncy.
1016 521 1235 574 Cunsudu,
1267 532 1440 579 portato
1486 521 1613 576 ferro,
1657 537 1755 566 cum

108 591 219 636 solui
250 591 441 648 deberet,
471 593 565 638 Ellu
602 593 870 652 subterfugit,
910 593 1067 648 dicens,
1110 608 1156 638 se
1201 593 1321 637 illurn
1366 593 1473 638 falso
1518 593 1752 652 impetiisse

106 662 159 708 de
192 663 323 710 furto,

746 762 822 808 Nr.
859 763 925 820 58.
960 761 1109 823 (154.)

249 846 375 891 onr
405 846 523 902 Vid‚2
555 857 731 891 mortuo
763 846 933 901 marito,
965 862 1061 891 curn
1095 858 1208 891 esset
1239 846 1329 891 sine
1368 845 1552 890 haerede
1597 861 1751 890 manu—

104 917 220 962 misit
265 918 477 978 quandam
521 919 717 964 ancillam
761 935 882 964 suam
926 920 1103 964 nomine
1134 919 1317 976 Deraga,
1349 929 1396 962 ut
1429 917 1630 977 quamdiu
1661 918 1751 976 ipsa

105 989 286 1045 viveret,
327 989 397 1035 illa
440 990 494 1035 de
539 1006 589 1035 ea
631 1006 721 1035 non
765 990 1016 1046 discederet,
1055 990 1131 1035 sed
1175 991 1215 1034 ei
1268 990 1459 1035 seruiret.
1511 989 1555 1034 Si
1606 1001 1750 1034 autem

103 1060 304 1107 dominae
349 1078 450 1107 suae
494 1062 805 1118 superuiveret,
847 1062 1087 1122 ubicunque
1129 1062 1271 1116 vellet,
1321 1061 1522 1106 manendi
1572 1061 1749 1107 haberet

102 1131 354 1188 libertatem,
407 1133 626 1194 filiumque
670 1135 801 1193 ipsius
847 1135 1023 1179 nomine
1068 1133 1288 1189 Cunsudu,
1339 1149 1436 1178 cum
1487 1133 1617 1178 fratre
1668 1150 1748 1178 suo

101 1205 293 1251 Adriano
325 1206 370 1251 in
399 1206 516 1251 idem
547 1207 857 1261 consentiente,
887 1207 1135 1251 manumisit
1166 1222 1215 1251 ac
1247 1206 1321 1250 tali
1343 1205 1537 1251 libertate
1558 1205 1750 1259 donauit,

102 1288 149 1322 ut
171 1277 426 1338 ubicumque
458 1278 601 1334 vellet,
632 1277 832 1323 manendi
864 1278 926 1323 fas
957 1278 1158 1334 haberet3
1189 1278 1225 1322 si
1256 1290 1400 1322 tamen
1431 1278 1475 1322 in
1507 1278 1606 1322 villa
1625 1278 1748 1322 Salu³

101 1349 142 1394 ei
171 1349 357 1408 placeret
388 1350 592 1405 habitare,
622 1351 793 1395 nonnisi
824 1350 936 1409 apud
965 1351 1102 1409 ipsam
1134 1362 1177 1395 et
1208 1350 1385 1395 fratrem
1417 1366 1543 1395 suum
1586 1350 1745 1395 Adria-

95 1436 202 1466 num
232 1434 437 1469 maneret.
470 1422 621 1467 Filiam
665 1438 836 1483 quoque
881 1422 1073 1468 eiusdem
1116 1422 1319 1477 mulieri3‚
1362 1423 1539 1467 nomine
1571 1422 1747 1475 Kesam,

97 1492 238 1538 taliter
267 1492 473 1548 liberauit,
504 1506 552 1539 ut
596 1510 724 1555 quam
767 1495 868 1552 ipsa,
914 1506 1000 1539 tam
1046 1498 1185 1539 omnis
1230 1495 1453 1553 generatio
1501 1494 1552 1539 ab
1597 1493 1750 1539 eadem

97 1579 355 1620 successura,
385 1566 517 1611 libera
559 1566 674 1612 foret
719 1567 909 1612 omnino.
955 1566 1166 1611 Omnium
1211 1582 1316 1612 vero
1367 1567 1544 1611 aliarum
1588 1582 1747 1622 rerum,

98 1652 376 1698 quaecunque
418 1638 547 1683 habet
585 1638 736 1684 eadem
779 1639 952 1684 domina
995 1638 1065 1683 vel
1108 1639 1303 1684 habitura
1334 1650 1412 1693 est,
1455 1639 1747 1697 supradIctum

97 1708 275 1754 fratrem
321 1725 448 1755 suum
490 1709 727 1755 Adrianum
770 1710 1003 1755 haeredem
1046 1711 1299 1775 constituit,·
1322 1712 1381 1756 ita
1425 1722 1583 1766 tamen,
1631 1711 1749 1771 quod

97 1781 201 1840 ipsa,
233 1780 335 1827 dum
367 1782 534 1837 vixerit,
565 1783 627 1827 eis
658 1794 810 1827 utatur.

739 1926 816 1973 Nr.
853 1940 918 1984 59.
950 1926 1090 1987 (155.)

241 2009 373 2055 Zoloc
405 2009 457 2055 de
489 2010 587 2055 villa
618 2009 805 2055 Rechel⁴
838 2011 1024 2067 impetiit
1054 2011 1264 2066 Marcum,
1284 2012 1403 2069 Juan,
1429 2023 1472 2056 et
1493 2012 1744 2057 Marcellum

99 2081 153 2127 de
184 2082 284 2127 villa
314 2082 546 2137 Botocun,⁶
577 2081 735 2137 dicenS,
779 2082 896 2142 quod
942 2098 1040 2127 cum
1084 2083 1175 2141 ipse
1221 2099 1302 2129 nec
1348 2084 1570 2128 conuictus
1615 2085 1669 2129 sit
1700 2086 1745 2129 in

95 2153 186 2208 lite,
215 2169 297 2199 nec
329 2153 455 2199 etiam
490 2154 713 2214 quisquam
744 2154 974 2213 litigauerit
1019 2170 1117 2199 cum
1162 2171 1230 2208 eo,
1272 2155 1353 2214 ipsi
1397 2170 1496 2201 cum
1539 2157 1745 2214 pristaldo

97 2224 253 2284 ignoto
298 2229 559 2284 accepissent
604 2238 786 2286 quatuor
830 2226 962 2272 boves
1007 2227 1110 2282 eius,
1154 2228 1304 2287 quibus
1342 2243 1436 2272 rem
1482 2229 1745 2287 negantibus,

244 2370 256 2392 ¹
284 2370 365 2406 Hoc
392 2382 532 2408 nomen
558 2379 613 2408 est
631 2372 826 2419 personale
844 2373 966 2408 uxoris
983 2372 1066 2416 Vid,
1084 2383 1162 2408 non
1181 2381 1304 2410 autem
1323 2385 1464 2409 nomen
1483 2373 1632 2409 alicuius
1650 2376 1745 2421 pagi.

241 2430 256 2451 ²
280 2430 376 2467 Vide
402 2443 456 2467 nr.
483 2433 655 2479 priorem.

242 2490 256 2511 ³
287 2490 410 2527 Serius
448 2491 598 2528 &nhida
635 2503 750 2540 pagus
792 2494 886 2528 circa
923 2492 1106 2529 Henczida
1144 2492 1382 2539 (Henczhida)
1421 2495 1460 2529 in
1499 2504 1594 2529 com.
1634 2493 1744 2529 Bihar

97 2561 201 2587 secus
226 2550 419 2587 fluviolum
445 2551 629 2600 Berettyo.

242 2612 258 2633 ⁴
283 2611 396 2647 Recte
421 2611 561 2648 Kechel
584 2612 677 2648 idest
702 2612 832 2648 Keczel
858 2624 878 2648 a
905 2613 1063 2649 Kraszna
1088 2615 1272 2650 orientem
1296 2625 1430 2651 versus.

243 2670 257 2691 ⁶
282 2670 391 2707 Nunc
416 2671 631 2719 Badacsony
657 2683 771 2720 prope
797 2672 974 2720 oppidum
1000 2673 1327 2722 SziIAgy-Somlyo.
