2170 3210
419 182 488 219 252

1056 322 1133 368 Nr.
1165 324 1260 379 264.
1295 321 1404 381 (13.)

561 407 676 461 Paul,
707 406 906 451 sacerdos
946 406 998 450 de
1038 405 1135 449 villa
1178 405 1330 458 Duba‚¹
1375 405 1559 461 impetiit
1591 398 1871 448 convillanam
1912 418 2045 456 suam,

417 495 598 524 uxorem
629 478 829 531 Lodmer,
861 478 1017 531 dicens,
1048 476 1179 536 quod,
1212 492 1308 520 cum
1341 476 1531 520 ancillam
1557 474 1765 534 quandam
1784 473 2045 528 vendiderat,

417 551 487 595 illa
517 550 709 594 nondum
740 550 926 607 pretium
957 548 1174 606 persolvit,
1207 548 1406 607 quoniam
1451 546 1601 591 eadem
1646 545 1804 598 ancilla,
1845 546 2046 590 instinctu

417 621 607 666 eiusdem
638 621 802 674 viduae,
834 635 900 664 res
931 620 1062 677 ipsius
1094 619 1238 663 furtim
1271 619 1504 676 subripiens
1535 617 1758 675 aufugerit.
1781 617 1912 662 Cuius
1931 616 2046 670 facti,

418 709 515 738 cum
548 692 740 748 praefata
770 691 898 736 vidua
930 706 976 734 se
1007 690 1198 748 ignaram
1237 704 1327 734 esse
1373 688 1650 742 contendens,
1693 688 1855 732 curialis
1898 703 2045 732 comes

419 765 471 809 de
503 764 696 813 Zounuk.
728 763 902 807 nomine
934 762 1095 813 Vitalis,
1128 761 1180 805 de
1212 761 1358 805 ancilla
1391 773 1433 805 et
1464 761 1588 805 rebus
1606 761 1811 818 subreptis
1834 760 1885 804 de
1913 759 2044 804 Paulo

417 835 650 888 sacerdote,
671 835 906 879 valentibus
928 834 1134 892 quatuor²
1154 848 1315 877 marcas
1337 846 1379 877 et
1403 844 1584 891 quatuor
1597 833 1614 858 ²
1635 831 1850 890 pondera³
1873 831 2046 889 argenti,

417 908 658 959 discutiens,
689 921 764 964 per
794 904 1044 963 pristaldum
1075 904 1261 949 Numhiz
1294 904 1347 948 de
1379 904 1477 948 villa
1524 902 1792 949 Chumburd⁴
1837 902 1951 947 misit
1994 901 2046 946 ad

419 993 597 1023 examen
629 978 732 1022 ferri
778 976 994 1021 candentis
1039 974 1311 1028 Varadinum,
1352 976 1422 1020 ubi
1464 975 1598 1019 homo
1641 974 1761 1019 Pauli
1803 973 2047 1026 sacerdotiS,

420 1061 590 1108 portato
624 1049 751 1102 ferro,
782 1049 1030 1092 iustificatus
1063 1058 1140 1093 est.

1055 1202 1131 1246 Nr.
1165 1203 1261 1258 265.
1294 1200 1409 1260 (14.)
1989 1248 1991 1251 ,

562 1286 765 1330 Matthias
798 1301 944 1329 comes
975 1285 1160 1342 impetiit
1191 1284 1471 1328 Benedictum
1515 1283 1566 1327 de
1609 1283 1718 1327 villa‘
1749 1282 1925 1339 Chehy⁵
1968 1296 2046 1339 pro

419 1358 578 1403 furtivo
612 1372 737 1416 equ0,
770 1372 897 1415 quem
930 1372 1088 1415 equum
1120 1355 1357 1414 praedictus
1390 1354 1640 1399 Benedictus
1672 1353 1776 1398 dixit
1806 1353 1855 1398 ab
1896 1352 2049 1398 eodem

418 1430 576 1474 comite
609 1443 685 1486 pro
719 1429 895 1472 servitio
928 1443 1006 1471 suo
1039 1426 1291 1485 possedisse.
1314 1427 1439 1480 Quos
1461 1426 1694 1479 ForcasiuS,
1715 1424 1881 1469 curialis
1903 1438 2048 1468 comes

420 1500 471 1545 de
505 1500 661 1544 Bichor
693 1499 935 1553 discutiens,
966 1513 1041 1556 per
1071 1497 1318 1556 pristaldum
1351 1513 1485 1551 suum,
1506 1497 1660 1558 Hegud
1692 1495 1743 1540 de
1767 1495 1861 1539 villa
1883 1496 2049 1548 Bichor,

420 1572 537 1615 misit
570 1571 622 1614 ad
654 1586 832 1614 examen
866 1570 966 1614 ferri
998 1570 1217 1614 candentis
1248 1569 1520 1621 Varadinum,
1548 1568 1618 1612 ubi
1641 1567 1924 1620 Benedictus,⁶
1942 1581 2049 1624 por-

419 1655 511 1686 tato
544 1642 671 1694 ferro,
703 1641 954 1686 iustificatus
987 1653 1060 1686 est.

1057 1807 1131 1851 Nt.
1166 1809 1263 1851 266.
1299 1805 1414 1865 (15.)

558 1890 762 1935 Fabianus
814 1890 865 1934 de
917 1890 1013 1934 villa
1066 1890 1199 1934 Beka⁷
1252 1890 1435 1946 impetiit
1485 1890 1739 1933 Samsonem
1791 1888 1843 1932 de
1891 1902 2047 1945 genere

419 1962 573 2020 Opour
606 1962 657 2005 de
691 1961 847 2005 damno
883 1962 1052 2019 triginta
1085 1976 1335 2019 marcarum,
1366 1959 1502 2004 iudice
1546 1960 1645 2012 Fila,
1689 1960 1843 2004 comite
1887 1959 2047 2002 vicario

417 2033 587 2078 Nicolai
618 2033 790 2096 palatini
821 2032 1002 2086 comitis,
1033 2032 1236 2090 pristaldo
1270 2031 1402 2075 Paulo
1435 2031 1488 2075 de
1518 2032 1614 2075 villa
1646 2031 1816 2075 Ynata.S
1842 2028 2049 2074 Praedicti

418 2104 690 2148 aduersantes
724 2103 984 2147 Varadinum
1015 2103 1068 2147 ad
1099 2118 1279 2147 examen
1310 2102 1410 2146 ferri
1453 2102 1666 2146 candentis
1711 2100 1870 2153 directi,
1912 2099 2050 2143 taliter

560 2259 571 2280 ¹
598 2259 702 2294 Nunc
729 2260 808 2294 Kis-
834 2266 868 2294 et
894 2258 1119 2305 Nagy-Doba
1145 2259 1183 2293 in
1210 2269 1304 2293 com.
1330 2258 1482 2304 Szildgy,
1510 2257 1595 2292 alias
1622 2255 1932 2302 Kozep-Szolnok.

561 2318 574 2337 ²
600 2319 641 2353 In
667 2318 828 2354 editione
854 2319 1039 2364 principe:
1066 2325 1243 2364 quattuor.

562 2377 576 2397 ²
601 2378 643 2412 ln
670 2377 830 2412 editione
857 2378 1040 2423 principe:
1067 2377 1199 2423 ponda.

560 2437 574 2456 ⁴
601 2436 806 2472 Csombord
832 2437 868 2471 in
896 2447 991 2471 com.
1019 2436 1243 2471 Also-Feher
1268 2447 1288 2470 a
1313 2434 1562 2482 Nagy-Enyed
1588 2435 1770 2469 orientem
1795 2444 1926 2468 versus.

562 2496 575 2516 ⁵
600 2496 709 2531 Csehi
735 2507 847 2542 pagus
874 2495 1209 2541 Magno-Varadino
1235 2495 1278 2529 ad
1307 2494 1504 2530 meridiem.

563 2554 576 2574 ⁶
602 2556 640 2589 In
667 2555 824 2590 editione
850 2555 1034 2601 principe:
1061 2554 1286 2589 Benedictus.

563 2613 575 2635 ⁷
602 2614 697 2655 Bika,
725 2614 815 2649 olim
841 2625 952 2660 pagus
976 2614 1015 2648 in
1041 2614 1307 2659 propinquitate
1333 2613 1416 2659 pagi
1440 2612 1615 2647 Szakadait
1640 2613 1677 2646 in
1703 2621 1797 2646 com.
1823 2609 1953 2645 Tolna.
2019 2621 2023 2624 ·

562 2673 575 2692 ²³
601 2673 705 2707 Nunc
733 2673 918 2719 praedium
943 2672 1056 2706 Inoka
1081 2673 1118 2706 in
1145 2682 1240 2706 com.
1268 2671 1388 2706 Tolna
1414 2683 1433 2706 a
1459 2670 1586 2706 Szakcs
1612 2671 1791 2705 orientem
1815 2680 1946 2705 versus.
