2170 3210
1693 166 1759 201 223

107 313 193 358 que
215 299 383 351 marcis,
405 297 577 342 dimidia
598 298 752 351 minus,
772 297 909 342 iudice
931 296 1177 350 Ambrosio,
1210 296 1354 341 curiali
1384 298 1542 342 comite
1575 298 1760 343 Ladislai

109 370 332 430 magistri,²
366 369 570 428 pristaldo
601 369 813 414 Damiano
848 368 899 412 de
921 368 1017 412 villa
1039 368 1215 426 Orscy.2
1236 369 1325 423 Qui
1346 369 1463 413 missi
1485 369 1538 414 ad
1557 370 1757 415 iudicium

106 442 213 488 ferri
244 441 506 486 Varadinum
537 442 676 486 taliter
709 451 1017 494 convenerunt,
1061 452 1108 484 ut
1152 441 1335 498 impetiti
1378 441 1565 487 iamdicti
1610 442 1759 487 darent

109 525 197 559 tres
222 513 414 558 fertones
436 513 678 572 supradicto
701 513 828 557 Pisco
849 523 892 557 et
910 511 1204 556 satisfacerent
1225 512 1369 568 iudici,
1390 513 1592 571 pristaldo
1629 515 1758 559 etiam

106 585 400 630 communiter
431 584 738 629 satisfacerent.

793 729 871 773 Nr.
909 741 1003 786 192.
1036 728 1139 787 (77.)

250 813 409 858 Michal
440 813 493 857 de
526 813 623 858 villa
654 812 829 866 Sunad,³
860 813 1046 870 impetiit
1065 812 1266 857 homines
1295 813 1498 858 ecclesiae
1522 815 1757 868 Vaciensis‚

103 884 286 929 scilicet:
318 885 548 939 Fiachiam,
579 884 744 929 Bolosit
766 884 818 929 de
844 884 943 929 villa
962 885 1165 943 Pispuki⁴
1187 900 1266 943 pro
1286 884 1419 940 furto,
1439 886 1578 931 iudice
1602 887 1757 944 Gyula,

103 957 250 1002 curiali
281 957 442 1002 comite
473 957 615 1015 regiae
648 957 781 1011 aulae,
811 956 1016 1015 pristaldo
1050 957 1216 1001 Pentek
1249 957 1302 1001 de
1335 957 1432 1002 villa
1460 958 1641 1004 Ratolt.⁵
1665 959 1755 1014 Qui

105 1027 221 1072 fures
253 1028 458 1074 Varadini
489 1044 588 1074 cum
618 1029 762 1073 levato
794 1028 912 1073 ferro
945 1028 998 1073 ad
1017 1028 1281 1074 solutionem
1303 1042 1576 1088 cogerentur,
1598 1046 1752 1089 supra-

105 1100 244 1146 dictus
276 1100 436 1146 Michal
466 1101 729 1146 renuntiavit
758 1100 918 1145 iudicio
951 1100 1066 1155 ferri,
1098 1101 1257 1156 dicens,
1289 1118 1335 1146 se
1367 1102 1608 1160 praedictos
1641 1104 1755 1148 fures

104 1172 213 1217 falso
232 1173 467 1231 impetiisse
489 1188 568 1231 pro
597 1173 728 1218 furto.
751 1173 838 1217 Pro
857 1173 974 1217 bono
993 1184 1138 1217 tamen
1158 1174 1273 1231 pacis
1295 1175 1563 1229 AmbrosiuS‚
1586 1176 1754 1220 curialis

102 1260 253 1289 comes
285 1245 488 1290 ecclesiae
521 1245 758 1300 Vaciensis,
788 1245 917 1289 iudici
949 1258 993 1289 et
1025 1245 1230 1304 pristaldo
1265 1246 1540 1291 satisfaceret.

755 1426 833 1471 Nr.
871 1439 963 1484 193.
997 1425 1113 1485 (78.)

245 1509 356 1553 Peth
388 1508 441 1554 de
474 1509 571 1554 villa
603 1510 778 1568 Bogyass
809 1510 992 1568 impetiit
1024 1511 1210 1554 Pousam
1244 1509 1295 1555 de
1327 1510 1426 1555 villa
1458 1511 1653 1570 Sceguen
1675 1526 1753 1569 pro

102 1580 233 1635 furto,
275 1581 481 1626 iudicibus
525 1582 658 1626 Paulo
703 1582 847 1626 curiali
891 1583 1052 1626 comite
1098 1593 1140 1626 et
1179 1583 1259 1627 Pet
1290 1595 1332 1627 et
1364 1583 1493 1627 Bulsu
1524 1583 1667 1628 bilotis
1701 1584 1753 1628 de

104 1653 261 1707 Heues,
291 1653 496 1711 pristaldo
530 1653 695 1699 Scenka
727 1654 779 1698 de
811 1653 912 1698 villa
945 1654 1128 1699 Chasii.⁷
1159 1654 1406 1699 Praedictus
1438 1654 1505 1699 fur
1537 1655 1752 1709 Varadini,

101 1736 275 1784 portato
308 1724 438 1779 ferro,
471 1725 719 1770 combustus
752 1737 828 1770 est.
862 1726 1022 1770 Cuius8
1065 1726 1128 1771 rei
1174 1727 1291 1770 exitu
1335 1727 1394 1771 ita
1439 1741 1755 1783 consummato,

99 1796 325 1855 pristaldus
375 1797 492 1841 idem
536 1797 654 1850 dixit,
700 1797 818 1857 quod
869 1797 1021 1842 fratres
1066 1797 1169 1842 furis
1215 1798 1441 1854 combusti,
1494 1801 1565 1859 qui
1614 1800 1752 1845 fratris

101 1883 256 1913 eorum
277 1880 447 1924 partem
473 1880 711 1923 tenuerant,
733 1885 757 1913 a
777 1870 1026 1914 venditione
1044 1881 1133 1914 tam
1164 1870 1256 1929 ipsi,
1277 1886 1404 1930 quam
1437 1873 1577 1916 omnis
1599 1889 1751 1917 eorum

99 1940 317 1998 possessio
367 1955 444 1998 per
495 1942 753 1986 sententiam
808 1941 958 1986 iudicis
1002 1943 1045 1986 in
1087 1944 1183 2000 ipso
1230 1958 1329 1987 casu
1372 1942 1513 1988 fratris
1558 1946 1623 1989 sui
1669 1947 1751 2004 jam

97 2012 400 2070 excepissent.⁹

247 2192 258 2214 ¹
284 2194 383 2230 Infra
410 2206 462 2229 nr.
495 2203 570 2240 197.

245 2252 258 2273 ²
284 2253 540 2300 Nagy-Oroszi
566 2255 604 2289 in
631 2265 726 2289 corn.
753 2254 914 2301 Nogrzid.

245 2313 258 2334 ³
284 2314 400 2360 Supra
425 2326 478 2350 nr.
510 2324 586 2360 190.

242 2372 258 2392 ⁴
284 2374 441 2420 Pnspeki
467 2374 782 2421 pronuntiandum
809 2383 872 2416 est,
899 2375 959 2410 sed
987 2377 1074 2411 situs
1100 2377 1178 2411 eius
1206 2377 1316 2412 hodie
1344 2378 1542 2422 ignoratur.

245 2433 259 2453 ⁵
284 2433 400 2480 Supra
424 2445 478 2469 nr.
510 2445 586 2479 190.

244 2491 258 2512 ⁶
283 2493 398 2539 Supra
424 2505 477 2529 nr.
509 2495 585 2541 189.
613 2495 709 2530 infra
739 2505 814 2540 194.

243 2552 256 2575 ⁷
283 2552 389 2588 Nunc
414 2554 603 2600 praedium
630 2555 736 2590 Cszisz
762 2566 875 2602 prope
903 2555 1030 2591 Heves.

242 2612 256 2632 '³
283 2613 323 2648 ln
349 2613 510 2649 editione
537 2615 700 2662 principe
727 2626 902 2651 erronee:
931 2617 999 2651 cui.

244 2673 258 2691 ⁹
285 2673 539 2709 Verisimiliter
565 2676 718 2710 rectius:
746 2676 885 2722 excepti
915 2684 1044 2711 essent.
