2170 3210
1709 150 1778 186 199

743 329 818 375 Nr.
859 343 953 387 127.
987 327 1133 389 (276.)

271 411 409 466 Sama,
442 413 669 458 castrensis
701 413 754 458 de
786 413 976 467 Zounuc,
1008 412 1061 457 de
1083 413 1345 472 villaSugu¹
1366 413 1550 472 impetiit
1571 414 1775 469 Pousam,

127 484 265 530 filium
295 484 426 537 Pauli,
457 484 510 529 de
541 484 640 530 villa
671 484 836 538 ΖοΙοε,2
867 484 1025 538 dicens,
1058 484 1201 544 quod³
1232 500 1333 530 suus
1366 496 1479 530 esset
1500 486 1701 540 concivis,
1722 478 1780 540 εὖ,

127 567 176 601 ut
205 556 297 615 ipse
328 556 456 601 Sama
487 568 531 602 et
561 556 785 615 pristaldus
805 572 919 609 suus,
949 556 1152 609 Absalon,
1184 556 1396 610 dixerunt,
1416 557 1617 602 iuverunt
1637 558 1778 616 ipsum

127 628 299 673 Samam
331 628 375 673 in
406 628 492 673 hoc
522 621 803 687 ioubagiones
835 629 962 673 castri
993 629 1192 683 Zounuc3
1225 628 1301 673 sed
1332 629 1449 673 solus
1482 629 1608 674 Sama
1634 629 1713 674 fuit
1731 631 1780 675 in

125 701 413 746 executione⁴
445 700 569 745 huius
602 716 751 745 causae
783 700 1006 745 Waradini
1036 700 1111 745 Ille
1134 715 1277 745 autem
1295 700 1399 745 dixit
1422 716 1467 745 se
1486 716 1578 746 esse
1599 702 1780 747 liberum

130 783 173 816 et
204 771 500 817 Teutonicum
533 787 706 831 genere.
739 772 866 827 Quos
899 772 1102 831 Angelus,
1135 772 1301 817 curialis
1334 788 1482 818 comes
1515 773 1567 818 de
1590 774 1781 827 Zounuc,

126 859 205 903 per
235 844 498 903 praedictum
528 843 780 903 pristaldum
810 844 925 889 misit
956 843 1248 890 Waradiuum.
1281 843 1366 889 Ubi
1396 845 1612 903 praefatus
1651 845 1778 890 Sama

128 915 384 976 subterfugit
415 915 633 961 candentis
664 915 766 961 ferri
797 915 1012 969 iudicium,
1044 916 1201 969 dicem,
1234 916 1352 976 quod
1383 916 1490 961 falso
1522 918 1780 975 impetiisset

125 988 318 1033 Pousam
348 1003 428 1047 pro
461 1004 540 1033 suo
574 989 765 1035 concive.

754 1168 833 1213 Nr.
872 1169 970 1215 128.
1006 1167 1150 1227 (277.)

273 1251 421 1296 Varou
471 1251 524 1296 de
567 1252 665 1297 villa
707 1253 859 1304 Petri,⁵
906 1251 1007 1297 dum
1056 1252 1227 1312 quidam
1268 1265 1534 1298 mercatores
1578 1253 1677 1298 salis
1726 1253 1779 1298 de

126 1323 347 1383 provincia
376 1322 474 1368 Zala
505 1324 718 1382 cepissent
750 1324 909 1369 bovem
942 1323 1052 1382 apud
1084 1340 1184 1368 eum
1216 1339 1295 1383 pro
1328 1323 1487 1369 furtivo
1509 1337 1552 1370 et
1572 1325 1780 1370 tributarii

126 1395 300 1454 reginae
333 1410 503 1440 causam
532 1407 822 1441 mercatorum
853 1396 1027 1440 illorum
1059 1395 1290 1441 tenendam
1319 1397 1619 1455 suscepissent,
1640 1397 1779 1442 iudice

128 1466 314 1524 Angelo,
344 1466 488 1512 curiali
518 1467 678 1512 comite
711 1467 764 1513 de
796 1469 985 1522 Zounuc,
1015 1468 1220 1526 pristaldo
1242 1469 1435 1527 Rogero,
1453 1470 1602 1514 Varou
1622 1470 1778 1515 missus

128 1554 151 1583 a
183 1538 375 1597 praefato
405 1538 542 1584 iudice
574 1539 870 1592 Waradinum‚
900 1540 1019 1584 venit
1051 1555 1149 1584 cum
1182 1556 1260 1584 suo
1292 1541 1512 1599 pristaldo,
1551 1541 1781 1587 adversarii

123 1611 217 1656 eius
248 1626 340 1655 non
369 1622 593 1656 venerunt.

763 1737 840 1782 Nr.
879 1751 929 1781 12
966 1774 973 1782 .
1033 1751 1057 1782 2
1094 1738 1131 1782 8.

273 1821 429 1866 vitalis
462 1821 514 1866 de
546 1819 643 1865 villa
676 1821 827 1866 Vedu⁸
859 1736 1043 1879 imp9etiit
1064 1736 1246 1866 7Sa1)1lem
1278 1822 1330 1867 de
1372 1822 1472 1868 villa
1515 1824 1779 1883 Fegierunc⁷

126 1907 209 1951 pro
240 1892 372 1946 furto,
401 1891 540 1938 iudice
572 1893 686 1937 Mica
718 1893 890 1945 comite,
921 1893 1127 1952 pristaldo
1160 1894 1365 1939 Zovizlou
1398 1895 1450 1940 de
1484 1895 1582 1940 villa
1602 1895 1782 1940 Tulka.⁸

126 1964 231 2009 Saul
262 1964 511 2010 combustus
544 1977 622 2009 est.

276 2127 420 2164 ¹Nunc
447 2129 558 2176 Csog,
586 2141 605 2164 a
638 2128 784 2165 Tasndd
821 2124 1112 2177 septentrionem
1151 2138 1186 2166 et
1224 2131 1407 2167 orientem
1445 2142 1567 2167 versus
1607 2132 1643 2167 in
1682 2127 1780 2166 com‘.

127 2188 286 2236 Szngy,
313 2188 400 2225 alias
425 2189 741 2236 Kozep-Szolnok.

273 2247 288 2269 ¹
311 2248 422 2284 Nunc
448 2249 590 2285 Szalacs
615 2250 653 2284 in
680 2260 775 2285 com.
802 2249 920 2285 Bihar.

273 2307 287 2328 ³
311 2308 353 2344 In
378 2309 541 2345 editione
567 2310 754 2356 principe:
782 2309 893 2350 illum.
922 2310 1029 2357 quod.

275 2367 290 2387 ⁴
314 2368 358 2404 In
384 2368 546 2405 editione
571 2370 757 2416 principe:
784 2370 1052 2406 executionem.

277 2426 291 2446 ⁵
314 2427 423 2463 Nunc
449 2428 719 2465 Molnos-Petri
745 2430 783 2464 in
810 2440 905 2465 com.
933 2429 1051 2472 Bihar,
1079 2430 1139 2476 qui
1165 2429 1255 2466 olim
1275 2442 1434 2466 unacum
1455 2429 1592 2477 oppido
1611 2430 1783 2475 Margitta

131 2487 333 2534 pertinebat
359 2487 404 2523 ad
431 2490 650 2531 comitatum
675 2489 849 2525 Szolnok.
1615 2488 1618 2492 ’

276 2545 290 2566 ⁶
314 2545 424 2583 Nunc
449 2548 639 2594 praedium
664 2549 745 2584 ved
771 2560 790 2584 a
818 2548 1037 2596 Szekelyhid
1063 2550 1246 2586 orientem
1272 2561 1395 2585 versus
1421 2551 1460 2585 in
1486 2560 1583 2585 com.
1610 2549 1728 2584 Bihar.

275 2605 290 2626 '¹
315 2606 428 2643 Recte
454 2607 681 2654 Fegiuernuc
707 2620 805 2644 nunc
830 2608 1067 2655 Fegyvernek
1094 2620 1115 2644 a
1140 2609 1337 2656 Szentjobb
1364 2608 1556 2645 meridiem
1583 2620 1716 2645 versus.

276 2665 290 2686 ⁶
317 2665 424 2702 Nunc
450 2678 596 2715 quoque
622 2667 742 2703 Tulka
769 2680 788 2703 a
815 2667 1109 2715 Nagy·Szalonta
1136 2670 1319 2705 orientem
1346 2680 1479 2705 versus.
