2170 3210
398 165 444 202 86

396 308 600 353 Nicolaus
632 306 742 350 filius
774 307 904 350 Barcz
938 317 1032 349 toto
1067 306 1342 365 quadriennio
1373 306 1603 363 palatinum
1625 308 1724 365 egit,
1745 307 1820 352 sed
1839 307 2030 351 minores

396 379 574 424 ministri
607 378 944 435 magistratuum,
984 378 1138 431 exiguo
1186 389 1381 435 tempore
1424 377 1661 435 fungentes,
1704 378 1863 423 indices
1906 378 2028 422 nobis

396 460 505 503 sunt,
537 464 719 508 quorum
752 463 835 507 ope
867 465 1023 493 annum
1044 465 1067 492 e
1089 460 1270 507 quatuor
1291 464 1512 493 secernere
1535 463 1773 506 possumus,
1792 465 1877 509 quo
1908 464 2028 494 casus

396 522 439 565 in
471 521 536 564 his
569 521 823 564 testimoniis
856 524 1038 564 enarrati
1076 535 1271 574 evenere,
1320 520 1415 579 quia
1456 520 1635 564 comites
1669 521 1844 566 curiales
1888 521 2027 565 comi-

399 603 511 636 tatus
543 592 797 636 Bihariensis
830 604 873 636 et
905 592 1222 636 Szolnokiensis
1245 592 1362 635 omni
1386 607 1497 635 anno
1521 592 1588 635 alii
1609 603 1734 651 atque
1757 592 1824 637 alii
1844 592 2029 638 fuerunt.

539 662 812 721 Agrediendo
832 663 917 707 iam
939 662 1360 716 demonstrationem,
1382 678 1510 721 quare
1543 662 1666 707 fascis
1681 663 2029 708 testimoniorum

404 749 453 792 17
463 748 573 792 5——2
582 749 636 792 34
667 750 779 778 anno
819 748 927 790 1219
962 734 1086 778 tribui
1129 746 1315 791 oportet,
1365 733 1567 778 indicium
1616 733 1888 778 manifestum
1934 749 2023 779 non

394 807 553 863 primus
597 805 854 865 (176-206
897 828 953 842 =
999 804 1198 864 60—91)
1239 821 1376 864 neque
1425 804 1632 849 secundus
1678 804 1932 864 (207—213
1969 828 2024 841 =

399 878 594 937 39—45)
628 877 703 921 sed
734 878 882 921 tertius
915 877 1168 936 (214—225
1204 899 1262 912 =
1300 876 1463 936 1—12)
1495 876 1715 920 fasciculus
1747 876 1869 921 nobis
1900 892 2027 935 prae-

396 949 477 994 bet.
510 949 784 994 Testimonio
829 964 890 992 nr.
939 962 1026 1005 214
1058 947 1131 1007 (1)
1177 963 1264 991 non
1308 948 1506 1001 criminis,
1550 948 1626 992 sed
1670 947 1886 992 divisionis
1918 963 2025 1006 pos-

396 1021 637 1065 sessionum
690 1020 912 1078 negotium
964 1019 1188 1076 explicanti
1236 1020 1428 1063 notarius
1474 1019 1562 1076 ipse
1607 1019 1828 1076 adscripsit
1871 1034 2030 1063 annum

396 1091 559 1152 (1219)
590 1093 635 1136 in
665 1092 860 1150 sequenti
891 1106 996 1134 vero
1030 1091 1280 1135 testimonio
1314 1104 1399 1148 217
1433 1090 1506 1150 (4)
1529 1090 1695 1139 indicat,
1717 1106 1885 1134 causam
1902 1105 2029 1134 enar-

397 1174 532 1207 ratam
563 1163 715 1207 saltem
747 1179 829 1206 una
860 1162 1126 1206 hebdomada
1164 1173 1263 1219 post
1296 1162 1566 1206 Dominicam
1613 1162 1829 1206 «Domine
1871 1163 1915 1206 in
1958 1175 2030 1207 tua

397 1234 726 1287 misericordia»,
777 1233 841 1293 (in
875 1233 989 1277 diem
1022 1248 1179 1290 9-nam
1210 1234 1318 1277 Iunii
1351 1249 1385 1278 a.
1437 1247 1544 1290 1219
1590 1231 1870 1292 incidentem)
1925 1249 2028 1292 ergo

402 1307 508 1350 16-a
538 1306 607 1349 vel
644 1320 749 1363 17-a
785 1305 892 1349 Iunii
934 1304 1066 1348 finem
1110 1305 1334 1362 accepisse.
1380 1305 1532 1349 Adhuc
1576 1305 1724 1348 clarius
1756 1305 1955 1363 exprimit
1986 1305 2028 1349 in

397 1388 490 1421 test.
525 1393 585 1422 nr.
621 1390 700 1420 221
741 1376 829 1436 (8),
861 1391 905 1420 se
938 1376 1056 1420 litem
1089 1375 1155 1419 die
1188 1377 1298 1419 28-a
1331 1376 1511 1434 Augusti
1543 1392 1578 1420 a.
1618 1389 1727 1432 1219
1760 1376 1924 1420 finitam
1955 1391 2029 1420 re-

400 1460 543 1506 gestro
577 1448 780 1492 intulisse.
813 1449 1066 1493 Intercalare
1099 1450 1355 1493 testimoniis
1387 1465 1448 1492 nr.
1485 1463 1567 1506 217
1603 1461 1645 1492 et
1678 1463 1759 1492 221
1796 1464 1900 1493 vero
1933 1460 2028 1493 test.

396 1535 457 1563 nr.
502 1533 586 1576 219
632 1519 706 1579 (6)
745 1520 949 1564 certiores
994 1536 1073 1564 nos
1118 1520 1268 1573 reddit,
1306 1532 1500 1577 tempore
1544 1521 1828 1577 inscriptionis
1872 1519 2029 1564 horum

399 1591 759 1643 testimoniorum,
798 1606 902 1648 ergo
935 1607 1083 1635 mense
1129 1591 1310 1648 Augusti
1354 1607 1386 1635 a.
1426 1604 1548 1646 1219,
1595 1591 1778 1634 Tobiam
1823 1590 2032 1635 comitem

402 1661 602 1705 curialem
634 1662 987 1706 Szolnokiensem
1019 1663 1160 1706 fuisse.

541 1734 635 1776 Hoc
666 1733 860 1791 probato,
892 1733 1066 1777 ulterius
1110 1733 1230 1777 nobis
1274 1733 1506 1791 procedere
1549 1734 1659 1778 licet.
1703 1732 1843 1776 Dubio
1895 1743 2023 1784 caret,

398 1804 642 1847 fasciculum
674 1805 858 1862 primum
891 1816 983 1849 test.
1023 1819 1071 1861 17
1081 1806 1249 1861 5—-206
1279 1804 1501 1864 (60—91)
1533 1805 1672 1862 primo
1705 1804 1897 1848 semestri
1930 1804 2029 1847 anni

399 1875 602 1931 scriptum
633 1875 774 1920 fuisse.
817 1876 931 1919 Nam
973 1891 1116 1919 casum
1159 1876 1202 1919 in
1233 1876 1480 1919 testimonio
1528 1891 1587 1920 nr.
1637 1876 1716 1919 182
1762 1874 1865 1935 (67)
1899 1889 2027 1918 enar-

399 1957 537 1989 ratum
583 1947 772 1990 notarius
811 1946 1022 2004 completa
1075 1946 1340 1991 hebdomada
1386 1948 1636 1991 Dominicae
1692 1947 1886 2004 «Exurge
1929 1946 2029 1989 Do-

398 2017 538 2060 mine»
575 2017 673 2075 (seu
704 2030 749 2060 ut
779 2018 913 2074 magis
945 2029 1097 2061 notum
1130 2029 1217 2061 est:
1251 2017 1570 2077 Sexagesimae)
1615 2018 1803 2062 notarius
1834 2030 2028 2074 segestro

398 2088 550 2141 intulit,
594 2088 676 2131 iam
721 2104 824 2132 vero
868 2089 975 2132 hanc
1041 2089 1312 2133 Dominicam
1357 2090 1400 2132 in
1456 2089 1816 2146 intercapedinem
1861 2087 2025 2131 dierum

400 2173 425 2203 2
434 2174 535 2216 5-ae
567 2161 746 2203 Ianuarii
766 2164 903 2218 'atque
936 2161 1072 2204 28-ae
1105 2159 1318 2204 Februarii
1349 2160 1531 2204 incidere
1573 2175 1747 2204 necesse
1770 2170 1846 2205 est.
1869 2160 2028 2202 Postea

401 2230 634 2274 secundum
667 2242 761 2276 test.
793 2246 854 2277 nr.
893 2233 972 2286 189
1006 2230 1109 2291 (74)
1142 2231 1260 2274 litem
1292 2243 1466 2288 agentes
1488 2245 1565 2287 pro
1588 2230 1770 2273 termino
1803 2229 2028 2273 solutionis

400 2302 581 2346 mulctae
624 2301 736 2346 diem
770 2315 926 2358 24-am
957 2303 1079 2358 Junii,
1110 2301 1179 2345 alii
1210 2302 1253 2345 in
1284 2313 1369 2346 test
1413 2317 1472 2345 nr.
1507 2314 1590 2345 202
1636 2300 1738 2359 (87)
1771 2301 1882 2345 allati
1913 2300 2028 2344 diem

400 2387 554 2429 27-am
586 2373 694 2415 Iunii
725 2373 836 2429 pacti
868 2384 977 2418 sunt.
1010 2373 1218 2416 Pecuniae
1251 2373 1445 2416 collectio
1479 2388 1531 2415 eo
1564 2385 1759 2429 tempore
1805 2372 1937 2429 magis
1981 2386 2028 2414 ac

399 2455 548 2487 nostro
583 2459 749 2486 moram
780 2443 1021 2500 postulavit,
1053 2443 1246 2501 adeoque
1279 2458 1423 2486 causas
1455 2443 1519 2486 his
1539 2443 1581 2486 in
1603 2443 1856 2486 testimoniis
1889 2441 2027 2486 adno-

400 2526 506 2558 tatas
538 2514 666 2572 longe
698 2526 795 2558 ante
828 2526 957 2571 24-et
990 2527 1135 2571 27-am
1156 2514 1262 2557 Iunii
1294 2514 1405 2557 diem
1439 2513 1598 2557 decisas
1638 2529 1811 2557 censere
1845 2524 2027 2571 oportet.

544 2586 667 2629 Hunc
699 2586 783 2628 iam
826 2584 1095 2642 spectabilem
1139 2584 1383 2629 fasciculum
1426 2585 1622 2641 primum,
1678 2599 1725 2642 31
1775 2583 2029 2628 testimonia.
