<?xml version="1.0" encoding="UTF-8"?>
<!DOCTYPE html PUBLIC "-//W3C//DTD XHTML 1.0 Transitional//EN"
    "http://www.w3.org/TR/xhtml1/DTD/xhtml1-transitional.dtd">
<html xmlns="http://www.w3.org/1999/xhtml" xml:lang="en" lang="en">
 <head>
  <title>
</title>
<meta http-equiv="Content-Type" content="text/html;charset=utf-8" />
  <meta name='ocr-system' content='tesseract 3.04.00' />
  <meta name='ocr-capabilities' content='ocr_page ocr_carea ocr_par ocr_line ocrx_word'/>
</head>
<body>
  <div class='ocr_page' id='page_1' title='image "./regestrumvaradin00nagyuoft_0320.png"; bbox 0 0 2170 3210; ppageno 0'>
   <div class='ocr_carea' id='block_1_1' title="bbox 469 168 533 203">
    <p class='ocr_par' dir='ltr' id='par_1_1' title="bbox 469 168 533 203">
     <span class='ocr_line' id='line_1_1' title="bbox 469 168 533 203; baseline -0.031 0"><span class='ocrx_word' id='word_1_1' title='bbox 469 168 533 203; x_wconf 83' lang='lat'>144</span> 
     </span>
    </p>
   </div>
   <div class='ocr_carea' id='block_1_2' title="bbox 455 300 2091 1783">
    <p class='ocr_par' dir='ltr' id='par_1_2' title="bbox 455 300 2091 1783">
     <span class='ocr_line' id='line_1_2' title="bbox 462 300 2090 360; baseline 0.002 -17"><span class='ocrx_word' id='word_1_2' title='bbox 462 315 555 344; x_wconf 89' lang='lat' dir='ltr'>rum</span> <span class='ocrx_word' id='word_1_3' title='bbox 599 300 737 343; x_wconf 90' lang='lat' dir='ltr'>minus</span> <span class='ocrx_word' id='word_1_4' title='bbox 782 301 944 344; x_wconf 90' lang='lat' dir='ltr'>licitum</span> <span class='ocrx_word' id='word_1_5' title='bbox 987 300 1138 345; x_wconf 90' lang='lat' dir='ltr'>fuisse:</span> <span class='ocrx_word' id='word_1_6' title='bbox 1172 316 1225 345; x_wconf 92' lang='lat' dir='ltr'>eo</span> <span class='ocrx_word' id='word_1_7' title='bbox 1264 300 1393 360; x_wconf 91' lang='lat' dir='ltr'>quod,</span> <span class='ocrx_word' id='word_1_8' title='bbox 1422 312 1468 345; x_wconf 88' lang='lat' dir='ltr'>vt</span> <span class='ocrx_word' id='word_1_9' title='bbox 1500 301 1685 358; x_wconf 87' lang='lat' dir='ltr'>Epistola</span> <span class='ocrx_word' id='word_1_10' title='bbox 1718 301 1770 346; x_wconf 91' lang='lat' dir='ltr'>ad</span> <span class='ocrx_word' id='word_1_11' title='bbox 1801 301 1927 346; x_wconf 90' lang='lat' dir='ltr'>Hebr.</span> <span class='ocrx_word' id='word_1_12' title='bbox 1961 316 2019 346; x_wconf 89' lang='lat' dir='ltr'>ca.</span> <span class='ocrx_word' id='word_1_13' title='bbox 2051 304 2090 347; x_wconf 89' lang='lat'>6.</span> 
     </span>
     <span class='ocr_line' id='line_1_3' title="bbox 462 370 2088 430; baseline 0.001 -15"><span class='ocrx_word' id='word_1_14' title='bbox 462 382 653 424; x_wconf 88' lang='lat' dir='ltr'>testatur,</span> <span class='ocrx_word' id='word_1_15' title='bbox 684 371 737 415; x_wconf 90' lang='lat' dir='ltr'>ad</span> <span class='ocrx_word' id='word_1_16' title='bbox 768 371 1024 416; x_wconf 81' lang='lat' dir='ltr'>dirimendas</span> <span class='ocrx_word' id='word_1_17' title='bbox 1055 372 1372 416; x_wconf 86' lang='lat' dir='ltr'>controuersias</span> <span class='ocrx_word' id='word_1_18' title='bbox 1393 370 1595 415; x_wconf 86' lang='lat' dir='ltr'>diuinitus</span> <span class='ocrx_word' id='word_1_19' title='bbox 1616 387 1704 416; x_wconf 92' lang='lat' dir='ltr'>non</span> <span class='ocrx_word' id='word_1_20' title='bbox 1725 372 1907 430; x_wconf 89' lang='lat' dir='ltr'>ignitum</span> <span class='ocrx_word' id='word_1_21' title='bbox 1927 372 2088 417; x_wconf 91' lang='lat' dir='ltr'>ferrum</span> 
     </span>
     <span class='ocr_line' id='line_1_4' title="bbox 460 441 2087 500; baseline 0.001 -14"><span class='ocrx_word' id='word_1_22' title='bbox 460 443 514 486; x_wconf 93' lang='lat' dir='ltr'>sit</span> <span class='ocrx_word' id='word_1_23' title='bbox 545 442 786 486; x_wconf 90' lang='lat' dir='ltr'>institutum</span> <span class='ocrx_word' id='word_1_24' title='bbox 817 453 860 486; x_wconf 90' lang='lat' dir='ltr'>et</span> <span class='ocrx_word' id='word_1_25' title='bbox 890 443 1179 500; x_wconf 89' lang='lat' dir='ltr'>propositum:</span> <span class='ocrx_word' id='word_1_26' title='bbox 1213 443 1288 487; x_wconf 92' lang='lat' dir='ltr'>sed</span> <span class='ocrx_word' id='word_1_27' title='bbox 1306 442 1376 486; x_wconf 93' lang='lat' dir='ltr'>vbi</span> <span class='ocrx_word' id='word_1_28' title='bbox 1398 453 1530 487; x_wconf 89' lang='lat' dir='ltr'>testes</span> <span class='ocrx_word' id='word_1_29' title='bbox 1552 441 1765 497; x_wconf 91' lang='lat' dir='ltr'>deficiunt,</span> <span class='ocrx_word' id='word_1_30' title='bbox 1786 443 2087 498; x_wconf 89' lang='lat' dir='ltr'>iusiurandum,</span> 
     </span>
     <span class='ocr_line' id='line_1_5' title="bbox 461 513 2090 572; baseline 0.001 -15"><span class='ocrx_word' id='word_1_31' title='bbox 461 514 504 557; x_wconf 90' lang='lat' dir='ltr'>in</span> <span class='ocrx_word' id='word_1_32' title='bbox 535 529 621 572; x_wconf 92' lang='lat' dir='ltr'>quo</span> <span class='ocrx_word' id='word_1_33' title='bbox 654 514 865 557; x_wconf 90' lang='lat' dir='ltr'>Dominus</span> <span class='ocrx_word' id='word_1_34' title='bbox 898 514 1028 567; x_wconf 92' lang='lat' dir='ltr'>Deus,</span> <span class='ocrx_word' id='word_1_35' title='bbox 1059 529 1185 572; x_wconf 89' lang='lat' dir='ltr'>quem</span> <span class='ocrx_word' id='word_1_36' title='bbox 1209 513 1313 557; x_wconf 86' lang='lat' dir='ltr'><strong>nihil</strong></span> <span class='ocrx_word' id='word_1_37' title='bbox 1333 513 1446 567; x_wconf 90' lang='lat' dir='ltr'>latet,</span> <span class='ocrx_word' id='word_1_38' title='bbox 1465 514 1508 557; x_wconf 92' lang='lat' dir='ltr'>in</span> <span class='ocrx_word' id='word_1_39' title='bbox 1530 514 1824 559; x_wconf 87' lang='lat' dir='ltr'>testimonium</span> <span class='ocrx_word' id='word_1_40' title='bbox 1854 514 2090 559; x_wconf 90' lang='lat' dir='ltr'>adducitur:</span> 
     </span>
     <span class='ocr_line' id='line_1_6' title="bbox 460 584 2087 642; baseline 0.001 -13"><span class='ocrx_word' id='word_1_41' title='bbox 460 586 510 638; x_wconf 90' lang='lat' dir='ltr'>is,</span> <span class='ocrx_word' id='word_1_42' title='bbox 541 585 683 638; x_wconf 88' lang='lat' dir='ltr'>velim,</span> <span class='ocrx_word' id='word_1_43' title='bbox 705 585 867 642; x_wconf 87' lang='lat' dir='ltr'>cogitet</span> <span class='ocrx_word' id='word_1_44' title='bbox 898 585 1096 642; x_wconf 88' lang='lat' dir='ltr'>primum,</span> <span class='ocrx_word' id='word_1_45' title='bbox 1127 584 1200 628; x_wconf 94' lang='lat' dir='ltr'>illo</span> <span class='ocrx_word' id='word_1_46' title='bbox 1234 595 1430 641; x_wconf 91' lang='lat' dir='ltr'>tempore</span> <span class='ocrx_word' id='word_1_47' title='bbox 1461 596 1653 628; x_wconf 87' lang='lat' dir='ltr'>nostram</span> <span class='ocrx_word' id='word_1_48' title='bbox 1674 595 1860 642; x_wconf 90' lang='lat' dir='ltr'>gentem,</span> <span class='ocrx_word' id='word_1_49' title='bbox 1883 600 1980 629; x_wconf 90' lang='lat' dir='ltr'>cum</span> <span class='ocrx_word' id='word_1_50' title='bbox 1998 601 2087 630; x_wconf 90' lang='lat' dir='ltr'>non</span> 
     </span>
     <span class='ocr_line' id='line_1_7' title="bbox 459 655 2089 714; baseline 0.001 -15"><span class='ocrx_word' id='word_1_51' title='bbox 459 656 518 699; x_wconf 91' lang='lat' dir='ltr'>ita</span> <span class='ocrx_word' id='word_1_52' title='bbox 549 655 714 713; x_wconf 87' lang='lat' dir='ltr'>pridem</span> <span class='ocrx_word' id='word_1_53' title='bbox 746 655 797 699; x_wconf 91' lang='lat' dir='ltr'>ad</span> <span class='ocrx_word' id='word_1_54' title='bbox 829 656 1202 700; x_wconf 89' lang='lat' dir='ltr'>Christianismum</span> <span class='ocrx_word' id='word_1_55' title='bbox 1235 671 1441 699; x_wconf 90' lang='lat' dir='ltr'>conuersa</span> <span class='ocrx_word' id='word_1_56' title='bbox 1481 655 1631 709; x_wconf 91' lang='lat' dir='ltr'>fuerat,</span> <span class='ocrx_word' id='word_1_57' title='bbox 1674 655 1882 714; x_wconf 84' lang='lat' dir='ltr'>quaedam</span> <span class='ocrx_word' id='word_1_58' title='bbox 1923 671 2089 710; x_wconf 89' lang='lat' dir='ltr'>eorum,</span> 
     </span>
     <span class='ocr_line' id='line_1_8' title="bbox 460 726 2089 786; baseline 0.001 -16"><span class='ocrx_word' id='word_1_59' title='bbox 460 742 568 786; x_wconf 90' lang='lat' dir='ltr'>quae</span> <span class='ocrx_word' id='word_1_60' title='bbox 598 726 829 771; x_wconf 89' lang='lat' dir='ltr'>voluntatis</span> <span class='ocrx_word' id='word_1_61' title='bbox 850 738 970 771; x_wconf 92' lang='lat' dir='ltr'>erant</span> <span class='ocrx_word' id='word_1_62' title='bbox 992 726 1173 780; x_wconf 90' lang='lat' dir='ltr'>diuinae,</span> <span class='ocrx_word' id='word_1_63' title='bbox 1194 727 1393 784; x_wconf 89' lang='lat' dir='ltr'>ignorare</span> <span class='ocrx_word' id='word_1_64' title='bbox 1413 727 1617 783; x_wconf 92' lang='lat' dir='ltr'>potuisse.</span> <span class='ocrx_word' id='word_1_65' title='bbox 1642 726 1805 771; x_wconf 91' lang='lat' dir='ltr'>Deinde</span> <span class='ocrx_word' id='word_1_66' title='bbox 1827 727 1940 772; x_wconf 91' lang='lat' dir='ltr'>hunc</span> <span class='ocrx_word' id='word_1_67' title='bbox 1960 728 2089 772; x_wconf 89' lang='lat' dir='ltr'>ritum</span> 
     </span>
     <span class='ocr_line' id='line_1_9' title="bbox 458 797 2090 857; baseline 0.001 -15"><span class='ocrx_word' id='word_1_68' title='bbox 458 798 588 842; x_wconf 88' lang='lat' dir='ltr'>hodie</span> <span class='ocrx_word' id='word_1_69' title='bbox 620 799 780 843; x_wconf 89' lang='lat' dir='ltr'>nemini</span> <span class='ocrx_word' id='word_1_70' title='bbox 813 797 994 851; x_wconf 89' lang='lat' dir='ltr'>obtrudi,</span> <span class='ocrx_word' id='word_1_71' title='bbox 1024 813 1103 842; x_wconf 93' lang='lat' dir='ltr'>nec</span> <span class='ocrx_word' id='word_1_72' title='bbox 1135 798 1220 841; x_wconf 94' lang='lat' dir='ltr'>hoc</span> <span class='ocrx_word' id='word_1_73' title='bbox 1253 798 1433 842; x_wconf 90' lang='lat' dir='ltr'>consilio</span> <span class='ocrx_word' id='word_1_74' title='bbox 1473 799 1563 842; x_wconf 90' lang='lat' dir='ltr'>eius</span> <span class='ocrx_word' id='word_1_75' title='bbox 1607 798 1849 856; x_wconf 86' lang='lat' dir='ltr'>exemplum</span> <span class='ocrx_word' id='word_1_76' title='bbox 1892 799 2090 857; x_wconf 87' lang='lat' dir='ltr'>proponi,</span> 
     </span>
     <span class='ocr_line' id='line_1_10' title="bbox 459 869 2091 929; baseline 0.001 -16"><span class='ocrx_word' id='word_1_77' title='bbox 459 881 505 914; x_wconf 88' lang='lat' dir='ltr'>vt</span> <span class='ocrx_word' id='word_1_78' title='bbox 536 870 627 929; x_wconf 90' lang='lat' dir='ltr'>quis</span> <span class='ocrx_word' id='word_1_79' title='bbox 659 870 771 914; x_wconf 93' lang='lat' dir='ltr'>hunc</span> <span class='ocrx_word' id='word_1_80' title='bbox 802 881 873 913; x_wconf 92' lang='lat' dir='ltr'>aut</span> <span class='ocrx_word' id='word_1_81' title='bbox 904 869 1086 914; x_wconf 90' lang='lat' dir='ltr'>similem</span> <span class='ocrx_word' id='word_1_82' title='bbox 1117 869 1245 913; x_wconf 89' lang='lat' dir='ltr'>ritum</span> <span class='ocrx_word' id='word_1_83' title='bbox 1278 880 1395 912; x_wconf 87' lang='lat' dir='ltr'>extra</span> <span class='ocrx_word' id='word_1_84' title='bbox 1425 869 1603 913; x_wconf 88' lang='lat' dir='ltr'>verbum</span> <span class='ocrx_word' id='word_1_85' title='bbox 1648 869 1730 913; x_wconf 90' lang='lat' dir='ltr'>Dei</span> <span class='ocrx_word' id='word_1_86' title='bbox 1775 869 1846 913; x_wconf 89' lang='lat' dir='ltr'>vel</span> <span class='ocrx_word' id='word_1_87' title='bbox 1889 869 2091 924; x_wconf 88' lang='lat' dir='ltr'>imitetur,</span> 
     </span>
     <span class='ocr_line' id='line_1_11' title="bbox 458 940 2087 998; baseline 0.001 -14"><span class='ocrx_word' id='word_1_88' title='bbox 458 941 526 985; x_wconf 91' lang='lat' dir='ltr'>vel</span> <span class='ocrx_word' id='word_1_89' title='bbox 557 953 720 986; x_wconf 90' lang='lat' dir='ltr'>tentare</span> <span class='ocrx_word' id='word_1_90' title='bbox 753 941 923 985; x_wconf 88' lang='lat' dir='ltr'>audeat:</span> <span class='ocrx_word' id='word_1_91' title='bbox 956 940 1053 994; x_wconf 92' lang='lat' dir='ltr'>Sed,</span> <span class='ocrx_word' id='word_1_92' title='bbox 1084 952 1131 984; x_wconf 92' lang='lat' dir='ltr'>ut</span> <span class='ocrx_word' id='word_1_93' title='bbox 1161 940 1260 984; x_wconf 90' lang='lat' dir='ltr'>hinc</span> <span class='ocrx_word' id='word_1_94' title='bbox 1291 941 1444 997; x_wconf 90' lang='lat' dir='ltr'>partim</span> <span class='ocrx_word' id='word_1_95' title='bbox 1477 941 1606 984; x_wconf 88' lang='lat' dir='ltr'>etiarn</span> <span class='ocrx_word' id='word_1_96' title='bbox 1634 940 1745 998; x_wconf 87' lang='lat' dir='ltr'>apud</span> <span class='ocrx_word' id='word_1_97' title='bbox 1766 951 1928 985; x_wconf 91' lang='lat' dir='ltr'>ceteras</span> <span class='ocrx_word' id='word_1_98' title='bbox 1949 941 2087 986; x_wconf 86' lang='lat' dir='ltr'>natio-</span> 
     </span>
     <span class='ocr_line' id='line_1_12' title="bbox 458 1011 2090 1071; baseline 0 -15"><span class='ocrx_word' id='word_1_99' title='bbox 458 1028 533 1056; x_wconf 89' lang='lat' dir='ltr'>nes</span> <span class='ocrx_word' id='word_1_100' title='bbox 565 1013 816 1066; x_wconf 87' lang='lat' dir='ltr'>innotescat,</span> <span class='ocrx_word' id='word_1_101' title='bbox 835 1023 1027 1056; x_wconf 88' lang='lat' dir='ltr'>nostram</span> <span class='ocrx_word' id='word_1_102' title='bbox 1059 1023 1232 1070; x_wconf 85' lang='lat' dir='ltr'>gentem</span> <span class='ocrx_word' id='word_1_103' title='bbox 1264 1011 1362 1056; x_wconf 93' lang='lat' dir='ltr'>inde</span> <span class='ocrx_word' id='word_1_104' title='bbox 1395 1011 1444 1055; x_wconf 92' lang='lat' dir='ltr'>ab</span> <span class='ocrx_word' id='word_1_105' title='bbox 1476 1012 1596 1056; x_wconf 91' lang='lat' dir='ltr'>initio</span> <span class='ocrx_word' id='word_1_106' title='bbox 1627 1027 1722 1056; x_wconf 90' lang='lat' dir='ltr'>suas</span> <span class='ocrx_word' id='word_1_107' title='bbox 1745 1012 1939 1057; x_wconf 88' lang='lat' dir='ltr'>habuisse</span> <span class='ocrx_word' id='word_1_108' title='bbox 1960 1012 2090 1071; x_wconf 90' lang='lat' dir='ltr'>leges,</span> 
     </span>
     <span class='ocr_line' id='line_1_13' title="bbox 458 1082 2088 1142; baseline 0.001 -16"><span class='ocrx_word' id='word_1_109' title='bbox 458 1099 615 1142; x_wconf 90' lang='lat' dir='ltr'>suaque</span> <span class='ocrx_word' id='word_1_110' title='bbox 632 1084 800 1128; x_wconf 88' lang='lat' dir='ltr'>iudicia:</span> <span class='ocrx_word' id='word_1_111' title='bbox 819 1095 860 1127; x_wconf 91' lang='lat' dir='ltr'>et</span> <span class='ocrx_word' id='word_1_112' title='bbox 877 1083 1010 1128; x_wconf 92' lang='lat' dir='ltr'>idciro</span> <span class='ocrx_word' id='word_1_113' title='bbox 1029 1098 1121 1127; x_wconf 91' lang='lat' dir='ltr'>eam</span> <span class='ocrx_word' id='word_1_114' title='bbox 1139 1082 1246 1127; x_wconf 89' lang='lat' dir='ltr'>falso</span> <span class='ocrx_word' id='word_1_115' title='bbox 1268 1083 1440 1136; x_wconf 87' lang='lat' dir='ltr'>traduci,</span> <span class='ocrx_word' id='word_1_116' title='bbox 1462 1083 1576 1142; x_wconf 89' lang='lat' dir='ltr'>quod</span> <span class='ocrx_word' id='word_1_117' title='bbox 1598 1083 1708 1127; x_wconf 89' lang='lat' dir='ltr'>nulla</span> <span class='ocrx_word' id='word_1_118' title='bbox 1727 1084 1781 1127; x_wconf 91' lang='lat' dir='ltr'>sit</span> <span class='ocrx_word' id='word_1_119' title='bbox 1798 1084 1840 1127; x_wconf 89' lang='lat' dir='ltr'>in</span> <span class='ocrx_word' id='word_1_120' title='bbox 1862 1099 1912 1128; x_wconf 93' lang='lat' dir='ltr'>ea</span> <span class='ocrx_word' id='word_1_121' title='bbox 1927 1083 2088 1141; x_wconf 92' lang='lat' dir='ltr'>politia,</span> 
     </span>
     <span class='ocr_line' id='line_1_14' title="bbox 457 1154 2089 1213; baseline 0 -15"><span class='ocrx_word' id='word_1_122' title='bbox 457 1155 568 1199; x_wconf 89' lang='lat' dir='ltr'>nulla</span> <span class='ocrx_word' id='word_1_123' title='bbox 595 1155 739 1213; x_wconf 89' lang='lat' dir='ltr'>legum</span> <span class='ocrx_word' id='word_1_124' title='bbox 761 1167 802 1199; x_wconf 91' lang='lat' dir='ltr'>et</span> <span class='ocrx_word' id='word_1_125' title='bbox 824 1155 1077 1199; x_wconf 89' lang='lat' dir='ltr'>iudiciorum</span> <span class='ocrx_word' id='word_1_126' title='bbox 1098 1155 1355 1208; x_wconf 90' lang='lat' dir='ltr'>obseruatio,</span> <span class='ocrx_word' id='word_1_127' title='bbox 1376 1155 1488 1198; x_wconf 87' lang='lat' dir='ltr'>nulla</span> <span class='ocrx_word' id='word_1_128' title='bbox 1507 1155 1694 1199; x_wconf 91' lang='lat' dir='ltr'>sontium</span> <span class='ocrx_word' id='word_1_129' title='bbox 1716 1166 1760 1198; x_wconf 92' lang='lat' dir='ltr'>et</span> <span class='ocrx_word' id='word_1_130' title='bbox 1781 1154 2089 1199; x_wconf 89' lang='lat' dir='ltr'>maleficiorum</span> 
     </span>
     <span class='ocr_line' id='line_1_15' title="bbox 457 1226 2086 1284; baseline 0 -14"><span class='ocrx_word' id='word_1_131' title='bbox 457 1227 663 1284; x_wconf 89' lang='lat' dir='ltr'>legittima</span> <span class='ocrx_word' id='word_1_132' title='bbox 683 1227 805 1270; x_wconf 88' lang='lat' dir='ltr'>vltio:</span> <span class='ocrx_word' id='word_1_133' title='bbox 825 1227 994 1284; x_wconf 88' lang='lat' dir='ltr'>partim,</span> <span class='ocrx_word' id='word_1_134' title='bbox 1014 1237 1059 1269; x_wconf 91' lang='lat' dir='ltr'>vt</span> <span class='ocrx_word' id='word_1_135' title='bbox 1082 1237 1378 1284; x_wconf 88' lang='lat' dir='ltr'>cognoscatur,</span> <span class='ocrx_word' id='word_1_136' title='bbox 1399 1226 1583 1270; x_wconf 89' lang='lat' dir='ltr'>maxime</span> <span class='ocrx_word' id='word_1_137' title='bbox 1608 1238 1750 1270; x_wconf 89' lang='lat' dir='ltr'>autern</span> <span class='ocrx_word' id='word_1_138' title='bbox 1772 1242 1795 1269; x_wconf 92' lang='lat' dir='ltr'>a</span> <span class='ocrx_word' id='word_1_139' title='bbox 1815 1226 2086 1280; x_wconf 88' lang='lat' dir='ltr'>nostratibus,</span> 
     </span>
     <span class='ocr_line' id='line_1_16' title="bbox 459 1297 2087 1357; baseline -0.001 -15"><span class='ocrx_word' id='word_1_140' title='bbox 459 1298 603 1357; x_wconf 89' lang='lat' dir='ltr'>quales</span> <span class='ocrx_word' id='word_1_141' title='bbox 635 1298 791 1342; x_wconf 87' lang='lat' dir='ltr'>fuerint</span> <span class='ocrx_word' id='word_1_142' title='bbox 836 1298 939 1342; x_wconf 90' lang='lat' dir='ltr'>olim</span> <span class='ocrx_word' id='word_1_143' title='bbox 971 1297 1336 1341; x_wconf 86' lang='lat' dir='ltr'>administratores</span> <span class='ocrx_word' id='word_1_144' title='bbox 1368 1297 1639 1354; x_wconf 86' lang='lat' dir='ltr'>Reipublicae</span> <span class='ocrx_word' id='word_1_145' title='bbox 1680 1297 1724 1340; x_wconf 89' lang='lat' dir='ltr'>in</span> <span class='ocrx_word' id='word_1_146' title='bbox 1769 1308 1913 1341; x_wconf 90' lang='lat' dir='ltr'>nostra</span> <span class='ocrx_word' id='word_1_147' title='bbox 1945 1308 2087 1355; x_wconf 91' lang='lat' dir='ltr'>gente,</span> 
     </span>
     <span class='ocr_line' id='line_1_17' title="bbox 459 1367 2081 1428; baseline -0.001 -15"><span class='ocrx_word' id='word_1_148' title='bbox 459 1381 696 1428; x_wconf 88' lang='lat' dir='ltr'>quantaque</span> <span class='ocrx_word' id='word_1_149' title='bbox 729 1385 827 1413; x_wconf 88' lang='lat' dir='ltr'>cura</span> <span class='ocrx_word' id='word_1_150' title='bbox 859 1381 902 1412; x_wconf 92' lang='lat' dir='ltr'>et</span> <span class='ocrx_word' id='word_1_151' title='bbox 934 1367 1215 1413; x_wconf 89' lang='lat' dir='ltr'>sollicitudine</span> <span class='ocrx_word' id='word_1_152' title='bbox 1247 1369 1449 1421; x_wconf 89' lang='lat' dir='ltr'>cauerint,</span> <span class='ocrx_word' id='word_1_153' title='bbox 1480 1384 1533 1412; x_wconf 92' lang='lat' dir='ltr'>ne</span> <span class='ocrx_word' id='word_1_154' title='bbox 1566 1369 1719 1412; x_wconf 86' lang='lat' dir='ltr'>iustam</span> <span class='ocrx_word' id='word_1_155' title='bbox 1751 1368 1954 1413; x_wconf 86' lang='lat' dir='ltr'>habentes</span> <span class='ocrx_word' id='word_1_156' title='bbox 1978 1384 2081 1412; x_wconf 90' lang='lat' dir='ltr'>cau-</span> 
     </span>
     <span class='ocr_line' id='line_1_18' title="bbox 458 1439 2082 1498; baseline 0 -14"><span class='ocrx_word' id='word_1_157' title='bbox 458 1456 550 1484; x_wconf 87' lang='lat' dir='ltr'>sam</span> <span class='ocrx_word' id='word_1_158' title='bbox 588 1457 711 1484; x_wconf 85' lang='lat' dir='ltr'>causa</span> <span class='ocrx_word' id='word_1_159' title='bbox 755 1440 955 1484; x_wconf 85' lang='lat' dir='ltr'>caderent</span> <span class='ocrx_word' id='word_1_160' title='bbox 997 1440 1230 1498; x_wconf 83' lang='lat' dir='ltr'>iniuriaque</span> <span class='ocrx_word' id='word_1_161' title='bbox 1275 1439 1554 1483; x_wconf 87' lang='lat' dir='ltr'>afficerentur.</span> <span class='ocrx_word' id='word_1_162' title='bbox 1612 1440 1739 1492; x_wconf 93' lang='lat' dir='ltr'>Nam,</span> <span class='ocrx_word' id='word_1_163' title='bbox 1783 1440 1863 1483; x_wconf 89' lang='lat' dir='ltr'>etsi</span> <span class='ocrx_word' id='word_1_164' title='bbox 1906 1439 2082 1484; x_wconf 89' lang='lat' dir='ltr'>verbum</span> 
     </span>
     <span class='ocr_line' id='line_1_19' title="bbox 458 1510 2083 1568; baseline -0.001 -12"><span class='ocrx_word' id='word_1_165' title='bbox 458 1512 647 1556; x_wconf 85' lang='lat' dir='ltr'>caelestis</span> <span class='ocrx_word' id='word_1_166' title='bbox 691 1512 826 1556; x_wconf 87' lang='lat' dir='ltr'>Patris</span> <span class='ocrx_word' id='word_1_167' title='bbox 858 1527 947 1555; x_wconf 90' lang='lat' dir='ltr'>non</span> <span class='ocrx_word' id='word_1_168' title='bbox 979 1523 1066 1555; x_wconf 92' lang='lat' dir='ltr'>tam</span> <span class='ocrx_word' id='word_1_169' title='bbox 1098 1511 1206 1555; x_wconf 91' lang='lat' dir='ltr'>clare</span> <span class='ocrx_word' id='word_1_170' title='bbox 1239 1510 1414 1554; x_wconf 88' lang='lat' dir='ltr'>sonabat</span> <span class='ocrx_word' id='word_1_171' title='bbox 1454 1510 1508 1554; x_wconf 92' lang='lat' dir='ltr'>ob</span> <span class='ocrx_word' id='word_1_172' title='bbox 1552 1511 1746 1554; x_wconf 85' lang='lat' dir='ltr'>iniuriam</span> <span class='ocrx_word' id='word_1_173' title='bbox 1790 1515 1996 1568; x_wconf 88' lang='lat' dir='ltr'>temporis</span> <span class='ocrx_word' id='word_1_174' title='bbox 2038 1511 2083 1555; x_wconf 90' lang='lat' dir='ltr'>in</span> 
     </span>
     <span class='ocr_line' id='line_1_20' title="bbox 456 1578 2085 1641; baseline -0.001 -14"><span class='ocrx_word' id='word_1_175' title='bbox 456 1584 621 1628; x_wconf 89' lang='lat' dir='ltr'>auribus</span> <span class='ocrx_word' id='word_1_176' title='bbox 665 1583 836 1626; x_wconf 87' lang='lat' dir='ltr'>illorum</span> <span class='ocrx_word' id='word_1_177' title='bbox 880 1595 1005 1641; x_wconf 90' lang='lat' dir='ltr'>atque</span> <span class='ocrx_word' id='word_1_178' title='bbox 1050 1583 1092 1625; x_wconf 91' lang='lat' dir='ltr'>in</span> <span class='ocrx_word' id='word_1_179' title='bbox 1135 1582 1293 1626; x_wconf 87' lang='lat' dir='ltr'>nostris</span> <span class='ocrx_word' id='word_1_180' title='bbox 1337 1581 1465 1626; x_wconf 89' lang='lat' dir='ltr'>hodie</span> <span class='ocrx_word' id='word_1_181' title='bbox 1510 1593 1655 1625; x_wconf 88' lang='lat' dir='ltr'>sonat:</span> <span class='ocrx_word' id='word_1_182' title='bbox 1700 1592 1842 1625; x_wconf 89' lang='lat' dir='ltr'>tamen</span> <span class='ocrx_word' id='word_1_183' title='bbox 1885 1581 1953 1625; x_wconf 89' lang='lat' dir='ltr'>vel</span> <span class='ocrx_word' id='word_1_184' title='bbox 1995 1578 2085 1640; x_wconf 69' lang='lat' dir='ltr'>ips&#39;a</span> 
     </span>
     <span class='ocr_line' id='line_1_21' title="bbox 455 1653 2084 1711; baseline -0.001 -13"><span class='ocrx_word' id='word_1_185' title='bbox 455 1666 602 1698; x_wconf 87' lang='lat' dir='ltr'>natura</span> <span class='ocrx_word' id='word_1_186' title='bbox 634 1654 740 1699; x_wconf 91' lang='lat' dir='ltr'>duce</span> <span class='ocrx_word' id='word_1_187' title='bbox 773 1654 936 1711; x_wconf 88' lang='lat' dir='ltr'>optime</span> <span class='ocrx_word' id='word_1_188' title='bbox 968 1666 1190 1706; x_wconf 87' lang='lat' dir='ltr'>nouerant,</span> <span class='ocrx_word' id='word_1_189' title='bbox 1222 1653 1325 1697; x_wconf 89' lang='lat' dir='ltr'>citra</span> <span class='ocrx_word' id='word_1_190' title='bbox 1348 1668 1523 1696; x_wconf 90' lang='lat' dir='ltr'>omnem</span> <span class='ocrx_word' id='word_1_191' title='bbox 1543 1668 1822 1710; x_wconf 88' lang='lat' dir='ltr'>personarum</span> <span class='ocrx_word' id='word_1_192' title='bbox 1843 1664 2084 1710; x_wconf 90' lang='lat' dir='ltr'>respectum</span> 
     </span>
     <span class='ocr_line' id='line_1_22' title="bbox 456 1724 2081 1783; baseline -0.001 -14"><span class='ocrx_word' id='word_1_193' title='bbox 456 1725 688 1770; x_wconf 88' lang='lat' dir='ltr'>secundum</span> <span class='ocrx_word' id='word_1_194' title='bbox 719 1725 815 1769; x_wconf 92' lang='lat' dir='ltr'>illos</span> <span class='ocrx_word' id='word_1_195' title='bbox 847 1724 1032 1768; x_wconf 91' lang='lat' dir='ltr'>dandum</span> <span class='ocrx_word' id='word_1_196' title='bbox 1065 1740 1158 1768; x_wconf 91' lang='lat' dir='ltr'>esse</span> <span class='ocrx_word' id='word_1_197' title='bbox 1190 1724 1404 1777; x_wconf 90' lang='lat' dir='ltr'>iudicium,</span> <span class='ocrx_word' id='word_1_198' title='bbox 1437 1725 1507 1783; x_wconf 92' lang='lat' dir='ltr'>qui</span> <span class='ocrx_word' id='word_1_199' title='bbox 1538 1724 1694 1768; x_wconf 90' lang='lat' dir='ltr'>bonam</span> <span class='ocrx_word' id='word_1_200' title='bbox 1727 1734 1770 1767; x_wconf 91' lang='lat' dir='ltr'>et</span> <span class='ocrx_word' id='word_1_201' title='bbox 1801 1724 1958 1768; x_wconf 89' lang='lat' dir='ltr'>iustam</span> <span class='ocrx_word' id='word_1_202' title='bbox 2000 1724 2081 1768; x_wconf 88' lang='lat' dir='ltr'>ha-</span> 
     </span>
    </p>
   </div>
   <div class='ocr_carea' id='block_1_3' title="bbox 455 1798 2082 1925">
    <p class='ocr_par' dir='ltr' id='par_1_3' title="bbox 455 1798 2082 1925">
     <span class='ocr_line' id='line_1_23' title="bbox 455 1798 813 1841; baseline -0.003 0"><span class='ocrx_word' id='word_1_203' title='bbox 455 1798 602 1841; x_wconf 90' lang='lat' dir='ltr'>berent</span> <span class='ocrx_word' id='word_1_204' title='bbox 635 1812 813 1841; x_wconf 90' lang='lat' dir='ltr'>causam.</span> 
     </span>
     <span class='ocr_line' id='line_1_24' title="bbox 595 1865 2082 1925; baseline -0.001 -14"><span class='ocrx_word' id='word_1_205' title='bbox 595 1868 699 1912; x_wconf 91' lang='lat' dir='ltr'>Non</span> <span class='ocrx_word' id='word_1_206' title='bbox 730 1867 857 1911; x_wconf 90' lang='lat' dir='ltr'>video</span> <span class='ocrx_word' id='word_1_207' title='bbox 890 1868 1016 1925; x_wconf 84' lang='lat' dir='ltr'>igitur</span> <span class='ocrx_word' id='word_1_208' title='bbox 1049 1883 1121 1911; x_wconf 89' lang='lat' dir='ltr'>cur</span> <span class='ocrx_word' id='word_1_209' title='bbox 1161 1866 1347 1910; x_wconf 90' lang='lat' dir='ltr'>studium</span> <span class='ocrx_word' id='word_1_210' title='bbox 1389 1865 1492 1910; x_wconf 90' lang='lat' dir='ltr'>illud</span> <span class='ocrx_word' id='word_1_211' title='bbox 1523 1881 1610 1910; x_wconf 94' lang='lat' dir='ltr'>non</span> <span class='ocrx_word' id='word_1_212' title='bbox 1642 1866 1695 1909; x_wconf 89' lang='lat' dir='ltr'>sit</span> <span class='ocrx_word' id='word_1_213' title='bbox 1727 1865 1993 1919; x_wconf 89' lang='lat' dir='ltr'>laudandum,</span> <span class='ocrx_word' id='word_1_214' title='bbox 2035 1882 2082 1910; x_wconf 93' lang='lat' dir='ltr'>ac</span> 
     </span>
    </p>
   </div>
   <div class='ocr_carea' id='block_1_4' title="bbox 452 1937 2083 2706">
    <p class='ocr_par' dir='ltr' id='par_1_4' title="bbox 452 1937 2083 2706">
     <span class='ocr_line' id='line_1_25' title="bbox 455 1937 2083 1995; baseline -0.001 -13"><span class='ocrx_word' id='word_1_215' title='bbox 455 1940 590 1983; x_wconf 86' lang='lat' dir='ltr'>eciam</span> <span class='ocrx_word' id='word_1_216' title='bbox 621 1938 934 1983; x_wconf 84' lang='lat' dir='ltr'>admirandum:</span> <span class='ocrx_word' id='word_1_217' title='bbox 969 1953 1065 1982; x_wconf 90' lang='lat' dir='ltr'>curn</span> <span class='ocrx_word' id='word_1_218' title='bbox 1099 1949 1141 1981; x_wconf 89' lang='lat' dir='ltr'>et</span> <span class='ocrx_word' id='word_1_219' title='bbox 1172 1937 1315 1991; x_wconf 91' lang='lat' dir='ltr'>hodie,</span> <span class='ocrx_word' id='word_1_220' title='bbox 1347 1953 1452 1995; x_wconf 90' lang='lat' dir='ltr'>quae</span> <span class='ocrx_word' id='word_1_221' title='bbox 1486 1948 1549 1980; x_wconf 88' lang='lat' dir='ltr'>est</span> <span class='ocrx_word' id='word_1_222' title='bbox 1569 1937 1795 1980; x_wconf 90' lang='lat' dir='ltr'>hominum</span> <span class='ocrx_word' id='word_1_223' title='bbox 1815 1937 2083 1994; x_wconf 91' lang='lat' dir='ltr'>peruersitas,</span> 
     </span>
     <span class='ocr_line' id='line_1_26' title="bbox 455 2007 2080 2067; baseline -0.001 -14"><span class='ocrx_word' id='word_1_224' title='bbox 455 2009 688 2067; x_wconf 90' lang='lat' dir='ltr'>optandum</span> <span class='ocrx_word' id='word_1_225' title='bbox 721 2021 844 2063; x_wconf 89' lang='lat' dir='ltr'>esset,</span> <span class='ocrx_word' id='word_1_226' title='bbox 875 2010 910 2053; x_wconf 91' lang='lat' dir='ltr'>si</span> <span class='ocrx_word' id='word_1_227' title='bbox 942 2009 1045 2053; x_wconf 90' lang='lat' dir='ltr'>citra</span> <span class='ocrx_word' id='word_1_228' title='bbox 1079 2009 1364 2053; x_wconf 91' lang='lat' dir='ltr'>offensionem</span> <span class='ocrx_word' id='word_1_229' title='bbox 1392 2008 1576 2052; x_wconf 90' lang='lat' dir='ltr'>diuinam</span> <span class='ocrx_word' id='word_1_230' title='bbox 1597 2007 1689 2051; x_wconf 90' lang='lat' dir='ltr'>fieri</span> <span class='ocrx_word' id='word_1_231' title='bbox 1710 2008 1857 2064; x_wconf 91' lang='lat' dir='ltr'>possit,</span> <span class='ocrx_word' id='word_1_232' title='bbox 1878 2019 1925 2051; x_wconf 91' lang='lat' dir='ltr'>vt</span> <span class='ocrx_word' id='word_1_233' title='bbox 1946 2008 2080 2052; x_wconf 90' lang='lat' dir='ltr'>simile</span> 
     </span>
     <span class='ocr_line' id='line_1_27' title="bbox 456 2078 2081 2140; baseline -0.002 -16"><span class='ocrx_word' id='word_1_234' title='bbox 456 2080 653 2140; x_wconf 90' lang='lat' dir='ltr'>quiddam</span> <span class='ocrx_word' id='word_1_235' title='bbox 685 2081 846 2124; x_wconf 89' lang='lat' dir='ltr'>iudiciis</span> <span class='ocrx_word' id='word_1_236' title='bbox 889 2081 989 2138; x_wconf 91' lang='lat' dir='ltr'>ipsis</span> <span class='ocrx_word' id='word_1_237' title='bbox 1032 2080 1313 2127; x_wconf 83' lang='lat' dir='ltr'>adhiberetur,</span> <span class='ocrx_word' id='word_1_238' title='bbox 1358 2094 1442 2138; x_wconf 91' lang='lat' dir='ltr'>quo</span> <span class='ocrx_word' id='word_1_239' title='bbox 1486 2090 1631 2122; x_wconf 87' lang='lat' dir='ltr'>sontes</span> <span class='ocrx_word' id='word_1_240' title='bbox 1678 2079 1727 2122; x_wconf 92' lang='lat' dir='ltr'>ab</span> <span class='ocrx_word' id='word_1_241' title='bbox 1759 2078 1995 2122; x_wconf 91' lang='lat' dir='ltr'>insontibus</span> <span class='ocrx_word' id='word_1_242' title='bbox 2038 2089 2081 2122; x_wconf 92' lang='lat' dir='ltr'>et</span> 
     </span>
     <span class='ocr_line' id='line_1_28' title="bbox 453 2149 2080 2209; baseline -0.002 -13"><span class='ocrx_word' id='word_1_243' title='bbox 453 2167 623 2196; x_wconf 90' lang='lat' dir='ltr'>causam</span> <span class='ocrx_word' id='word_1_244' title='bbox 654 2152 808 2195; x_wconf 77' lang='lat' dir='ltr'>iustam</span> <span class='ocrx_word' id='word_1_245' title='bbox 839 2152 1055 2207; x_wconf 87' lang='lat' dir='ltr'>habentes,</span> <span class='ocrx_word' id='word_1_246' title='bbox 1088 2152 1137 2195; x_wconf 93' lang='lat' dir='ltr'>ab</span> <span class='ocrx_word' id='word_1_247' title='bbox 1169 2152 1248 2204; x_wconf 89' lang='lat' dir='ltr'>his,</span> <span class='ocrx_word' id='word_1_248' title='bbox 1281 2151 1350 2209; x_wconf 92' lang='lat' dir='ltr'>qui</span> <span class='ocrx_word' id='word_1_249' title='bbox 1387 2151 1585 2194; x_wconf 88' lang='lat' dir='ltr'>iniustam</span> <span class='ocrx_word' id='word_1_250' title='bbox 1618 2149 1787 2202; x_wconf 90' lang='lat' dir='ltr'>habent,</span> <span class='ocrx_word' id='word_1_251' title='bbox 1831 2150 1993 2193; x_wconf 91' lang='lat' dir='ltr'>secerni</span> <span class='ocrx_word' id='word_1_252' title='bbox 2036 2161 2080 2194; x_wconf 93' lang='lat' dir='ltr'>et</span> 
     </span>
     <span class='ocr_line' id='line_1_29' title="bbox 452 2220 2078 2280; baseline -0.002 -13"><span class='ocrx_word' id='word_1_253' title='bbox 452 2223 685 2267; x_wconf 89' lang='lat' dir='ltr'>internosci</span> <span class='ocrx_word' id='word_1_254' title='bbox 716 2223 890 2280; x_wconf 91' lang='lat' dir='ltr'>possint.</span> <span class='ocrx_word' id='word_1_255' title='bbox 922 2223 1035 2267; x_wconf 90' lang='lat' dir='ltr'>Nam</span> <span class='ocrx_word' id='word_1_256' title='bbox 1067 2223 1126 2266; x_wconf 88' lang='lat' dir='ltr'>sic</span> <span class='ocrx_word' id='word_1_257' title='bbox 1157 2223 1296 2266; x_wconf 90' lang='lat' dir='ltr'>minus</span> <span class='ocrx_word' id='word_1_258' title='bbox 1329 2233 1442 2266; x_wconf 89' lang='lat' dir='ltr'>esset</span> <span class='ocrx_word' id='word_1_259' title='bbox 1465 2233 1506 2264; x_wconf 91' lang='lat' dir='ltr'>et</span> <span class='ocrx_word' id='word_1_260' title='bbox 1526 2221 1640 2264; x_wconf 89' lang='lat' dir='ltr'>foret</span> <span class='ocrx_word' id='word_1_261' title='bbox 1660 2221 1918 2273; x_wconf 84' lang='lat' dir='ltr'>iniuriarum,</span> <span class='ocrx_word' id='word_1_262' title='bbox 1940 2220 2078 2263; x_wconf 90' lang='lat' dir='ltr'>minus</span> 
     </span>
     <span class='ocr_line' id='line_1_30' title="bbox 454 2290 2078 2352; baseline -0.002 -15"><span class='ocrx_word' id='word_1_263' title='bbox 454 2294 792 2352; x_wconf 88' lang='lat' dir='ltr'>oppressionum,</span> <span class='ocrx_word' id='word_1_264' title='bbox 823 2294 962 2337; x_wconf 90' lang='lat' dir='ltr'>minus</span> <span class='ocrx_word' id='word_1_265' title='bbox 994 2294 1121 2337; x_wconf 89' lang='lat' dir='ltr'>etiam</span> <span class='ocrx_word' id='word_1_266' title='bbox 1162 2293 1428 2351; x_wconf 89' lang='lat' dir='ltr'>querelarum</span> <span class='ocrx_word' id='word_1_267' title='bbox 1461 2292 1512 2336; x_wconf 95' lang='lat' dir='ltr'>de</span> <span class='ocrx_word' id='word_1_268' title='bbox 1550 2290 1766 2345; x_wconf 89' lang='lat' dir='ltr'>iudicibus,</span> <span class='ocrx_word' id='word_1_269' title='bbox 1808 2291 1981 2343; x_wconf 83' lang='lat' dir='ltr'>iudiciis,</span> <span class='ocrx_word' id='word_1_270' title='bbox 2026 2290 2078 2334; x_wconf 93' lang='lat' dir='ltr'>de</span> 
     </span>
     <span class='ocr_line' id='line_1_31' title="bbox 453 2362 2078 2418; baseline -0.003 -9"><span class='ocrx_word' id='word_1_271' title='bbox 453 2365 642 2418; x_wconf 90' lang='lat' dir='ltr'>testibus,</span> <span class='ocrx_word' id='word_1_272' title='bbox 673 2376 716 2408; x_wconf 93' lang='lat' dir='ltr'>et</span> <span class='ocrx_word' id='word_1_273' title='bbox 747 2365 991 2410; x_wconf 91' lang='lat' dir='ltr'>sententiis:</span> <span class='ocrx_word' id='word_1_274' title='bbox 1022 2365 1127 2409; x_wconf 93' lang='lat' dir='ltr'>Non</span> <span class='ocrx_word' id='word_1_275' title='bbox 1158 2376 1322 2408; x_wconf 90' lang='lat' dir='ltr'>tantum</span> <span class='ocrx_word' id='word_1_276' title='bbox 1352 2363 1617 2416; x_wconf 90' lang='lat' dir='ltr'>invidiarum,</span> <span class='ocrx_word' id='word_1_277' title='bbox 1647 2377 1736 2406; x_wconf 91' lang='lat' dir='ltr'>non</span> <span class='ocrx_word' id='word_1_278' title='bbox 1762 2373 1926 2405; x_wconf 92' lang='lat' dir='ltr'>tantum</span> <span class='ocrx_word' id='word_1_279' title='bbox 1949 2362 2078 2406; x_wconf 89' lang='lat' dir='ltr'>odio-</span> 
     </span>
     <span class='ocr_line' id='line_1_32' title="bbox 452 2432 2077 2490; baseline -0.002 -10"><span class='ocrx_word' id='word_1_280' title='bbox 452 2452 559 2489; x_wconf 89' lang='lat' dir='ltr'>rum,</span> <span class='ocrx_word' id='word_1_281' title='bbox 596 2451 675 2479; x_wconf 91' lang='lat' dir='ltr'>nec</span> <span class='ocrx_word' id='word_1_282' title='bbox 721 2434 966 2479; x_wconf 91' lang='lat' dir='ltr'>insidiarum</span> <span class='ocrx_word' id='word_1_283' title='bbox 1013 2446 1189 2480; x_wconf 87' lang='lat' dir='ltr'>tanturn.</span> <span class='ocrx_word' id='word_1_284' title='bbox 1238 2435 1363 2490; x_wconf 87' lang='lat' dir='ltr'>Nam,</span> <span class='ocrx_word' id='word_1_285' title='bbox 1408 2449 1504 2477; x_wconf 90' lang='lat' dir='ltr'>cum</span> <span class='ocrx_word' id='word_1_286' title='bbox 1551 2448 1702 2476; x_wconf 88' lang='lat' dir='ltr'>omnes</span> <span class='ocrx_word' id='word_1_287' title='bbox 1747 2432 1837 2477; x_wconf 87' lang='lat' dir='ltr'>fere</span> <span class='ocrx_word' id='word_1_288' title='bbox 1880 2432 2077 2477; x_wconf 90' lang='lat' dir='ltr'>homines</span> 
     </span>
     <span class='ocr_line' id='line_1_33' title="bbox 452 2503 2077 2563; baseline -0.002 -13"><span class='ocrx_word' id='word_1_289' title='bbox 452 2507 643 2551; x_wconf 90' lang='lat' dir='ltr'>fascinati</span> <span class='ocrx_word' id='word_1_290' title='bbox 675 2507 756 2550; x_wconf 90' lang='lat' dir='ltr'>sint</span> <span class='ocrx_word' id='word_1_291' title='bbox 789 2506 942 2550; x_wconf 87' lang='lat' dir='ltr'>Stoicis</span> <span class='ocrx_word' id='word_1_292' title='bbox 975 2506 1256 2563; x_wconf 89' lang='lat' dir='ltr'>opinionibus,</span> <span class='ocrx_word' id='word_1_293' title='bbox 1286 2506 1393 2549; x_wconf 93' lang='lat' dir='ltr'>mira</span> <span class='ocrx_word' id='word_1_294' title='bbox 1425 2516 1488 2548; x_wconf 89' lang='lat' dir='ltr'>est</span> <span class='ocrx_word' id='word_1_295' title='bbox 1513 2505 1700 2561; x_wconf 88' lang='lat' dir='ltr'>paucitas</span> <span class='ocrx_word' id='word_1_296' title='bbox 1721 2519 1884 2557; x_wconf 89' lang='lat' dir='ltr'>eorum,</span> <span class='ocrx_word' id='word_1_297' title='bbox 1906 2504 1976 2562; x_wconf 87' lang='lat' dir='ltr'>qui</span> <span class='ocrx_word' id='word_1_298' title='bbox 1998 2503 2077 2547; x_wconf 87' lang='lat' dir='ltr'>sibi</span> 
     </span>
     <span class='ocr_line' id='line_1_34' title="bbox 452 2573 2076 2635; baseline -0.002 -14"><span class='ocrx_word' id='word_1_299' title='bbox 452 2593 701 2635; x_wconf 87' lang='lat' dir='ltr'>persuasum</span> <span class='ocrx_word' id='word_1_300' title='bbox 732 2577 923 2627; x_wconf 88' lang='lat' dir='ltr'>habeant,</span> <span class='ocrx_word' id='word_1_301' title='bbox 957 2591 1046 2620; x_wconf 88' lang='lat' dir='ltr'>non</span> <span class='ocrx_word' id='word_1_302' title='bbox 1078 2577 1157 2620; x_wconf 89' lang='lat' dir='ltr'>nisi</span> <span class='ocrx_word' id='word_1_303' title='bbox 1179 2577 1320 2620; x_wconf 90' lang='lat' dir='ltr'>diuina</span> <span class='ocrx_word' id='word_1_304' title='bbox 1339 2575 1559 2619; x_wconf 88' lang='lat' dir='ltr'>voluntate</span> <span class='ocrx_word' id='word_1_305' title='bbox 1581 2586 1653 2618; x_wconf 91' lang='lat' dir='ltr'>aut</span> <span class='ocrx_word' id='word_1_306' title='bbox 1683 2574 1962 2631; x_wconf 89' lang='lat' dir='ltr'>permissione</span> <span class='ocrx_word' id='word_1_307' title='bbox 1983 2573 2076 2618; x_wconf 88' lang='lat' dir='ltr'>fieri</span> 
     </span>
     <span class='ocr_line' id='line_1_35' title="bbox 455 2646 2074 2706; baseline -0.002 -15"><span class='ocrx_word' id='word_1_308' title='bbox 455 2664 515 2700; x_wconf 89' lang='lat' dir='ltr'>ea,</span> <span class='ocrx_word' id='word_1_309' title='bbox 550 2663 655 2706; x_wconf 90' lang='lat' dir='ltr'>quae</span> <span class='ocrx_word' id='word_1_310' title='bbox 687 2647 816 2691; x_wconf 89' lang='lat' dir='ltr'>fiunt:</span> <span class='ocrx_word' id='word_1_311' title='bbox 850 2662 1079 2705; x_wconf 88' lang='lat' dir='ltr'>causasque</span> <span class='ocrx_word' id='word_1_312' title='bbox 1112 2646 1316 2691; x_wconf 88' lang='lat' dir='ltr'>secundas</span> <span class='ocrx_word' id='word_1_313' title='bbox 1349 2646 1398 2689; x_wconf 92' lang='lat' dir='ltr'>ab</span> <span class='ocrx_word' id='word_1_314' title='bbox 1430 2646 1523 2703; x_wconf 91' lang='lat' dir='ltr'>ipso</span> <span class='ocrx_word' id='word_1_315' title='bbox 1550 2646 1740 2689; x_wconf 89' lang='lat' dir='ltr'>Domino</span> <span class='ocrx_word' id='word_1_316' title='bbox 1763 2646 1859 2688; x_wconf 91' lang='lat' dir='ltr'>Deo</span> <span class='ocrx_word' id='word_1_317' title='bbox 1890 2659 1968 2701; x_wconf 91' lang='lat' dir='ltr'>pro</span> <span class='ocrx_word' id='word_1_318' title='bbox 2000 2660 2074 2688; x_wconf 89' lang='lat' dir='ltr'>sua</span> 
     </span>
    </p>
   </div>
  </div>
 </body>
</html>
