2170 3210
451 172 522 211 274

451 306 503 350 ad
519 320 698 350 examen
715 305 815 349 ferri
832 305 1046 350 candentis
1064 306 1353 361 Waradinum,
1373 307 1442 351 ubi
1464 310 1587 365 post¹
1610 308 1848 354 triduanum
1866 311 2078 369 jejunium,

452 392 549 421 cum
580 376 752 420 deberet
783 375 943 420 ferrum
974 377 1146 434 portari,
1178 377 1404 435 supradicti
1435 390 1599 423 actores
1645 392 1937 425 convenerunt
1981 396 2078 426 cum

450 446 697 492 adversariis
729 448 930 505 ipsorum,
962 447 1059 492 dare
1092 449 1151 492 eis
1184 460 1340 494 terram
1371 451 1684 495 memoratam?

1067 613 1144 657 Nr.
1181 614 1277 671 318.
1311 613 1455 673 (369.)

591 696 858 752 DominicUS,
890 695 942 740 de
969 711 1125 754 genere
1145 696 1433 751 Sentemacus,
1453 697 1660 754 impetiit3
1683 698 1893 757 quendam
1913 699 2077 743 virum*

449 768 689 821 militarem,
720 768 897 811 nomine
928 767 1107 821 Latibar,
1139 768 1294 822 dicens,
1326 768 1439 826 quod
1471 784 1545 812 sex
1578 770 1713 826 capita
1745 784 1980 824 servorum,
2006 771 2077 829 qui

450 840 499 883 ab
531 840 623 896 ipso
669 839 881 897 fugerunt,
924 838 1034 897 apud
1064 839 1202 896 ipsum
1235 840 1475 896 invenisset,
1509 851 1552 883 et
1583 841 1671 898 ipse
1705 855 1780 884 eos
1811 841 2076 887 occultasset.

451 910 585 964 Quod
616 925 713 954 cum
744 910 813 954 ille
845 921 1033 968 negaret,
1064 910 1303 964 Mauritius,
1337 911 1668 968 vice-palatinus
1698 927 1774 969 per
1817 912 2081 969 pristaldum,

448 983 623 1026 nomine
654 981 886 1025 Martinum
919 981 970 1025 de
1003 981 1099 1025 villa
1131 981 1279 1035 Scssos,
1309 981 1360 1025 ad
1381 997 1561 1026 examen
1583 982 1682 1026 ferri
1714 982 1932 1028 candentis
1963 984 2078 1028 misit

448 1053 736 1097 Waradinum.
768 1052 852 1096 Ubi
884 1053 1019 1096 homo
1051 1053 1280 1107 Dominici,
1311 1064 1484 1111 portato
1516 1053 1645 1106 ferro,
1676 1068 1753 1111 pro
1787 1053 1963 1099 domino
1985 1069 2079 1108 suo,

447 1124 674 1169 mundatus
707 1136 782 1168 est.

1070 1242 1146 1289 Nr.
1182 1257 1278 1301 319.
1314 1242 1458 1302 (370.)
1707 1304 1711 1308 1

587 1326 719 1370 Ilabar
751 1337 793 1369 et
813 1325 1019 1380 Andreas,
1039 1326 1319 1384 ioubagiones
1341 1327 1571 1380 Laurentii,
1592 1326 1667 1371 filii
1688 1326 1784 1380 Pot,
1803 1326 2077 1383 impetierunt

448 1397 721 1455 Stephanum,
752 1398 1010 1441 servientem
1040 1398 1237 1454 Joancae,
1268 1397 1319 1442 de
1351 1397 1477 1451 furto,
1520 1396 1658 1442 iudice
1702 1397 1887 1451 Zalmria,
1930 1397 2075 1442 curiali

447 1469 602 1513 comite
636 1468 687 1512 de
719 1469 930 1522 Zathmar,
961 1469 1163 1526 pristaldo
1196 1469 1394 1523 Buchika,
1426 1469 1477 1513 de
1508 1469 1608 1513 villa
1641 1469 1784 1515 Euru.⁵
1828 1468 2076 1513 Praedictus

447 1540 587 1598 itaque
621 1539 869 1597 Stephanus,
898 1551 1071 1597 portato
1103 1540 1232 1594 ferro,
1263 1540 1484 1584 Waradini
1515 1540 1741 1584 mundatus
1775 1551 1850 1584 est.

1078 1694 1154 1739 Nr.
1190 1707 1285 1751 320.
1317 1694 1449 1753 (371.)

586 1777 768 1833 Joannes
801 1777 852 1821 de
884 1777 981 1821 villa
1011 1777 1165 1834 Isepu⁶
1198 1777 1381 1835 impetiit
1413 1776 1621 1836 quandam
1653 1776 1876 1821 mulierem
1905 1775 1957 1820 de
1976 1775 2073 1820 villa

445 1847 580 1891 Potoc
593 1849 608 1874 ⁷
639 1863 718 1905 pro
739 1848 963 1901 veneficio,
983 1847 1117 1892 iudice
1139 1849 1265 1906 Zuga,
1286 1848 1429 1892 curiali
1450 1848 1606 1892 comite
1629 1847 1681 1892 de
1702 1848 1854 1901 Potoc,
1871 1846 2075 1905 pristaldo

445 1918 590 1963 Petro.
611 1919 827 1963 Praedicta
849 1920 991 1978 itaque
1010 1919 1176 1973 mulier,
1192 1930 1365 1976 portato
1383 1919 1497 1963 ferro
1515 1918 1745 1973 Waradini,
1762 1917 1978 1963 combusta
1995 1929 2073 1962 est.

588 2096 667 2132 ¹'In
694 2097 852 2132 editione
877 2098 1039 2144 principe
1065 2108 1240 2132 erronee:
1267 2108 1342 2143 pus.

586 2155 600 2176 ²
626 2157 667 2191 In
694 2156 854 2198 editione
880 2158 1042 2203 principe
1068 2168 1242 2192 erronee:
1270 2164 1455 2192 metatam.

588 2216 601 2236 ³
626 2217 667 2251 In
693 2216 853 2251 editione
878 2217 1039 2263 principe
1065 2227 1238 2251 erronee:
1264 2216 1430 2262 impetiti.

587 2274 602 2296 '⁴
625 2277 667 2311 In
692 2275 847 2311 editione
872 2275 1033 2322 principe
1058 2285 1230 2311 erronee:
1258 2275 1352 2310 iuris.

588 2336 601 2355 ⁵
627 2325 681 2370 Or
705 2346 815 2381 pagus
840 2346 950 2381 penes
975 2335 1064 2382 Vaja
1090 2346 1186 2370 nunc
1212 2335 1250 2370 in
1276 2345 1368 2370 com.
1396 2334 1574 2370 Szabolcs.

588 2394 601 2414 ⁶
624 2395 732 2430 Nunc
757 2395 1022 2441 Magyar-Izsep
1048 2395 1086 2429 in
1113 2406 1197 2430 com
1222 2394 1407 2440 Zemplen.

587 2454 599 2476 ⁷
625 2454 872 2490 Szlros-Patak.
