2170 3210
1683 154 1760 190 245

758 298 832 342 Nr.
870 312 969 357 244.
1006 298 1121 358 (50.)

260 380 450 435 Basilius,
497 381 622 426 abbas
672 381 724 426 de
772 381 913 426 Curul
963 394 1005 426 et
1053 383 1220 427 curialis
1265 398 1412 427 comes
1458 384 1560 439 ejus,
1603 383 1763 427 Lucas'

114 453 393 512 impetierunt
430 453 655 509 joannem,
686 453 822 498 filium
855 454 1096 499 Salomonis
1130 454 1182 498 de
1225 469 1382 513 genere
1415 453 1648 512 Gledguth,
1685 469 1764 513 pro

114 523 408 569 destructione
459 525 620 583 praedii
664 524 867 570 ecclesiae
914 526 1073 570 scilicet
1119 526 1277 570 damno
1324 525 1377 570 ad
1422 526 1765 571 aestimationem

114 596 266 655 viginti
298 596 484 656 quinque
506 612 757 650 marcarum,
778 596 917 641 iudice
937 597 1122 642 Nicolao
1145 597 1338 642 Palatino
1364 599 1537 652 comite,
1559 597 1764 656 pristaldo

115 667 307 726 Chepan,
339 666 391 712 de
424 668 521 712 villa
552 668 724 713 Ladan³
754 669 798 713 in
829 669 1049 727 prouincia
1081 669 1271 727 Heugd.4
1305 670 1395 724 Qui
1434 685 1531 714 cum
1576 671 1766 714 venisset

118 739 395 792 Varadinum,
426 739 665 798 praedictus
697 741 881 797 Joannes
914 742 1116 786 conuenit
1155 741 1255 786 dare
1300 757 1375 786 sex
1419 757 1582 786 marcas
1627 741 1767 787 abbati

114 823 160 856 et
190 812 432 857 satisfacere
464 811 604 866 iudici,
635 811 760 857 abbas
794 828 898 858 vero
932 813 1135 871 pristaldo
1170 813 1411 858 satisfacere
1444 814 1656 859 conuenit.

764 1006 840 1051 Nr.
873 1019 972 1062 245.
1004 1013 1052 1065 (5
1065 1005 1120 1064 1.)

259 1087 433 1132 Basilius
466 1088 618 1132 abbas⁵
651 1099 695 1132 et
740 1088 905 1133 curialis
955 1103 1102 1132 comes
1148 1088 1251 1142 eius,
1294 1088 1445 1143 Lucas,
1487 1088 1765 1146 impetierunt

114 1159 281 1204 Indiam
313 1158 366 1204 de
398 1159 496 1204 villa
534 1159 691 1214 Peles‚⁶
736 1160 788 1204 de
834 1159 998 1205 occulta
1045 1161 1289 1205 retentione
1333 1161 1658 1218 possessionum
1701 1161 1766 1204 sui

116 1229 267 1284 fratris,
299 1231 384 1277 scil.
417 1232 580 1276 Paztuh
613 1231 664 1276 de
698 1231 812 1276 furto
836 1232 1172 1290 condempnati,⁷
1200 1232 1371 1285 scilicet,
1396 1232 1627 1277 duodecim
1647 1233 1765 1290 capi—

116 1302 227 1347 tibus
258 1302 497 1358 hominum,
529 1303 662 1347 tribus
695 1304 826 1362 equis,
859 1304 1162 1363 quinquaginta
1185 1304 1349 1359 ouibus,
1368 1303 1595 1349 duodecim
1619 1304 1768 1358 bobus,

114 1389 191 1420 sex
224 1374 387 1419 aceruis
431 1387 642 1433 segetum,
686 1374 824 1419 iudice
871 1376 1057 1420 Nicolao
1103 1375 1296 1421 Palatino
1342 1377 1517 1430 comite,
1560 1376 1764 1435 pristaldo

115 1445 308 1505 Chepan,
329 1446 382 1491 de
412 1446 511 1491 villa
542 1446 722 1493 Ladan.⁸
754 1447 902 1491 Homo
937 1447 1165 1506 supradicti
1195 1448 1315 1505 Indig
1347 1448 1563 1503 Varadini,
1595 1460 1765 1506 portato

115 1517 246 1573 ferro,
278 1517 527 1564 combustus
560 1531 636 1565 est.

261 1698 272 1719 ¹
299 1700 413 1746 Supra
441 1711 493 1736 nr.
521 1710 604 1747 217,
630 1700 724 1736 infra
751 1713 805 1737 nr.
833 1711 913 1746 245,
945 1700 1022 1747 376,
1054 1702 1131 1746 387.

260 1759 274 1779 ²
300 1759 399 1795 Infra
426 1771 478 1795 nr.
506 1770 588 1805 245,
618 1760 696 1807 376.

263 1818 277 1839 ³
302 1819 418 1866 Supra
444 1831 497 1856 nr.
524 1830 605 1867 217,
632 1820 726 1856 infra
752 1832 805 1856 nr.
834 1830 914 1866 245,
942 1820 1023 1866 269.

259 1877 274 1899 ⁴
300 1879 469 1916 Vidimus
495 1892 601 1927 supra
627 1882 666 1916 in
693 1892 799 1916 causa
826 1892 878 1916 nr.
911 1891 976 1927 174
1002 1882 1154 1928 signata,
1180 1883 1396 1929 scriptorem
1434 1890 1495 1918 aut
1533 1883 1766 1930 typothetam

116 1940 205 1974 anni
234 1949 324 1984 1550
349 1950 490 1976 nomen
515 1940 643 1977 Neuka
668 1941 800 1988 legisse
827 1952 980 1977 erronee
1006 1941 1144 1978 Heuka.
1172 1962 1216 1967 -
1251 1942 1347 1978 Hinc
1385 1944 1497 1979 etiam
1535 1944 1574 1978 in
1613 1945 1766 1979 nomine

119 1999 250 2046 Heugd
292 2001 451 2047 primam
492 2000 638 2037 literam
680 2013 834 2038 erronee
877 2013 944 2049 pro
982 2001 1014 2037 N
1054 2003 1212 2049 positam
1251 2002 1358 2039 facile
1403 2003 1677 2050 persuademur.
1720 2023 1766 2028 —

118 2058 157 2094 Si
198 2060 273 2096 iam
317 2071 459 2097 nomen
501 2061 631 2108 Heugd
676 2063 809 2098 rectius
854 2062 983 2108 Neugd
1029 2061 1171 2107 legitur,
1214 2062 1286 2098 hoc
1331 2064 1486 2099 nomine
1531 2064 1763 2110 provinciam

118 2118 300 2165 Neugrad,
326 2119 438 2156 hodie
463 2120 612 2168 Nograid
639 2123 758 2157 notari
785 2122 880 2157 haud
917 2121 1111 2158 difficulter
1147 2122 1371 2170 intelligitur.
1409 2123 1517 2158 Nunc
1555 2134 1691 2170 pagum
1730 2125 1767 2158 in

117 2180 306 2226 provincia
331 2181 539 2225 (comitatu)
565 2182 713 2228 Nogrz'td
741 2182 885 2217 nullum
913 2193 1113 2224 occurrere,
1140 2182 1230 2218 nihil
1248 2183 1380 2225 obstat,
1402 2194 1489 2218 nam
1511 2182 1768 2219 dissimilitudo

118 2250 254 2286 magna
279 2240 373 2275 inter
390 2240 612 2277 hodiernum
630 2250 665 2277 et
684 2242 875 2288 antiquum
892 2249 1026 2277 statum
1047 2241 1217 2278 locorum
1237 2244 1377 2278 cunctis
1395 2243 1541 2278 eruditis
1558 2242 1767 2289 Hungariae

117 2306 206 2334 nota
231 2307 296 2335 est.

264 2359 278 2379 ⁵
302 2360 418 2407 Supra
443 2372 496 2395 nr.
526 2371 606 2407 217,
633 2372 714 2406 244,
742 2362 836 2397 infra
868 2361 942 2408 376,
974 2362 1050 2408 387.

265 2417 280 2437 ⁶
305 2418 422 2466 Supra
449 2432 501 2456 nr.
529 2431 610 2468 217.
637 2421 723 2457 Pilis
750 2433 862 2468 pagus
889 2433 985 2457 com.
1012 2422 1144 2458 Tolna.

265 2477 278 2500 ⁷
304 2477 396 2515 Vide
423 2492 475 2516 nr.
503 2491 583 2527 217.

264 2538 278 2558 ⁸
303 2539 417 2586 Supra
445 2552 497 2576 nr.
526 2551 606 2586 217,
632 2551 713 2585 244,
741 2541 836 2576 infra
863 2540 943 2587 269.
