2170 3210
443 159 507 184 100

436 291 607 335 comitis
640 290 894 335 Bihariensis
925 290 1166 335 vindicavit.
1199 291 1294 335 Rite
1328 307 1380 334 ex
1401 291 1466 335 his
1497 292 1799 346 concludimuS,
1819 292 2064 346 Nicolaum,

436 362 569 407 filium
604 362 732 405 Barcz
765 373 808 405 et
839 362 958 406 Mike
990 363 1134 407 socios
1179 362 1310 407 fuisse
1350 363 1393 406 in
1437 362 1635 420 gerendis
1673 363 1985 422 magistratibus
2017 375 2062 408 et

436 433 556 478 Mike
580 444 679 476 tunc
701 432 873 490 adipisci
894 434 1082 490 potuisse
1104 435 1189 478 iam
1211 434 1340 478 tercia
1360 434 1454 478 vice
1476 449 1629 478 munus
1651 435 1818 480 comitis
1839 435 2062 480 Biharien-

435 505 506 558 εἰς,
527 519 624 548 cum
637 504 852 558 Nicolaus‚
874 504 983 548 filius
1015 505 1156 558 Barcz,
1187 504 1394 563 dignitate
1416 505 1584 563 palatini
1614 506 1771 550 iterum
1801 506 1906 565 (imo
1927 521 2063 551 vero-

434 575 614 620 similius
645 576 729 620 iam
762 576 906 633 tertio)
939 587 1112 620 ornatus
1145 587 1222 620 est.
1253 577 1350 620 Hoc
1382 588 1526 620 autem
1557 592 1590 621 a.
1629 579 1738 622 1226
1772 579 1927 623 evenit.

576 646 696 691 Idem
727 658 822 692 test.
853 663 914 691 nr.
951 661 1030 705 345
1066 648 1187 705 (334)
1218 648 1356 692 innuit
1388 648 1556 692 circiter
1585 663 1791 702 mensem,
1838 664 1923 708 quo
1955 665 2062 694 exa-

437 719 553 763 mina
584 718 669 763 hoc
700 719 742 761 in
763 718 875 762 fasce
908 718 1100 762 ordinata
1132 730 1282 776 coepta
1312 730 1565 778 peractaque
1591 731 1698 764 sunt.
1721 720 1825 764 Litis
1846 720 2064 774 excitatae,

434 790 480 833 in
510 790 677 848 hocque
710 790 958 833 testimonio
991 802 1208 834 enarratae
1240 801 1462 834 accusator
1485 801 1528 834 et
1550 802 1754 835 executor
1774 806 1873 835 reos
1894 790 2063 836 hebdo-

436 861 559 905 mada
592 861 845 905 Dominicae
881 862 1094 904 «Domine
1127 862 1169 904 in
1201 872 1299 905 tua»
1341 877 1417 906 seu
1455 862 1615 919 primae
1646 874 1745 919 post
1775 862 2063 907 Pentecosten

439 943 736 990 exspectarunt
750 931 966 976 Varadini.
999 933 1124 975 Anno
1164 935 1273 976 1226
1295 933 1402 976 haec
1424 932 1692 977 hebdomada
1710 934 1756 978 in
1777 932 1865 977 dies
1891 947 2063 990 14—20

436 1019 493 1048 m.
545 1003 652 1048 Iunii
697 1002 856 1047 incidit.
890 1004 1004 1057 Quia
1056 1004 1117 1047 rei
1173 1019 1261 1047 non
1294 1019 1339 1047 se
1387 1004 1601 1057 sistebant,
1645 1003 1720 1048 sed
1732 1020 1839 1048 vana
1884 1004 2064 1063 quadam

435 1075 690 1132 exceptione
737 1090 917 1118 examen
956 1074 1234 1128 declinabant,
1277 1087 1499 1119 accusator
1543 1087 1585 1119 et
1630 1086 1835 1119 executor
1878 1075 2061 1120 iudicem

438 1146 556 1190 Mike
590 1145 771 1199 adibant,
803 1146 976 1204 eiusque
1008 1146 1124 1190 iussu
1145 1147 1301 1190 iterum
1323 1145 1646 1190 revertebantur
1664 1147 2064 1206 pronuntiatamque

437 1218 693 1261 sententiam
725 1217 814 1260 eius
845 1230 1038 1275 segestro
1070 1217 1216 1261 inferri
1247 1217 1464 1275 rogabant.
1498 1217 1543 1261 Si
1585 1219 1668 1262 iter
1708 1217 1763 1262 ad
1805 1217 1990 1262 iudicem
2021 1229 2066 1262 et

438 1288 597 1333 reditus
629 1304 758 1331 unam
789 1288 1047 1347 alteramque
1080 1288 1193 1332 diem
1224 1289 1439 1346 poscebat,
1471 1300 1571 1332 tunc
1601 1289 1790 1333 notarius
1822 1288 1906 1333 hoc
1938 1290 2065 1333 testi-

439 1360 634 1404 monium
667 1373 776 1404 22-a
809 1371 878 1403 aut
909 1373 934 1403 2
943 1374 1021 1417 3-a
1052 1376 1105 1403 m.
1138 1360 1245 1404 Iunii
1276 1359 1407 1404 literis
1439 1359 1662 1405 mandavit.

583 1539 896 1590 Testimonia
945 1557 1017 1590 nr.
1076 1559 1096 1608 3
1111 1542 1343 1608 56—371
1413 1540 1494 1607 (=
1528 1538 1829 1607 345—360)
1890 1538 2066 1606 scripta

441 1640 480 1674 a.
527 1639 674 1690 1229.

582 1716 723 1760 Fascis
754 1715 826 1760 hic
866 1716 1212 1759 testimoniorum
1262 1715 1355 1759 talis
1404 1730 1552 1758 causae
1596 1715 1863 1759 enarratione
1909 1714 2067 1773 incipit,

442 1802 568 1845 quam
599 1788 789 1831 notarius
833 1788 948 1830 iussu
986 1786 1132 1831 iudicis
1181 1788 1321 1831 curiae
1358 1787 1479 1830 initio
1530 1787 1627 1830 anni
1675 1797 1868 1844 regestro
1914 1785 2067 1831 intulit.

442 1858 760 1912 Controversia,
780 1859 1090 1915 permutatione
1108 1858 1321 1902 bonorum
1339 1858 1488 1915 sopita,
1522 1872 1668 1901 coram
1700 1856 1893 1901 Ladislao
1926 1856 2063 1901 iudice

443 1931 582 1974 curiae
617 1942 659 1973 et
692 1930 849 1973 comite
883 1930 1095 1977 Baesiensi
1138 1930 1274 1987 reipsa
1318 1929 1451 1973 finem
1494 1929 1655 1986 accepit
1699 1930 1787 1973 iarn
1830 1929 1967 1986 prima
1998 1927 2066 1973 die

441 2017 475 2045 a.
527 2013 651 2063 1229,
691 2016 766 2044 seu
818 2000 928 2058 apud
959 2001 1142 2044 maiores
1175 2012 1346 2045 nostros
1380 2014 1490 2058 25-a
1533 1999 1690 2044 mensis
1733 1999 1995 2052 Decembris,
2026 2011 2068 2043 at

443 2070 676 2115 secundum
727 2083 923 2115 nostrum
968 2071 1241 2129 computandi
1286 2070 1464 2115 modum
1513 2071 1618 2114 haec
1672 2069 1760 2114 dies
1811 2078 1966 2127 25-am
2011 2085 2068 2115 m.

444 2142 695 2186 Decembris
726 2155 766 2186 a.
804 2143 914 2186 1228
948 2142 1133 2187 denotat.
1164 2143 1396 2201 Litigantes
1439 2154 1583 2186 tamen
1614 2141 1699 2184 hoc
1730 2156 1818 2185 non
1862 2142 2070 2194 contenti,

446 2213 707 2257 Varadinum
739 2214 920 2270 profecti
951 2225 1059 2267 sunt,
1091 2214 1191 2257 iuris
1223 2213 1386 2258 iurandi
1418 2213 1622 2270 religione
1655 2226 1780 2269 super
1801 2211 2069 2269 sepulchrum

443 2285 576 2328 sancti
595 2283 773 2328 Ladislai
803 2285 1003 2341 praestita
1034 2284 1309 2328 firmaverunt
1344 2283 1617 2328 concordiam
1649 2283 1935 2336 constitutam,
1961 2298 2068 2341 quae

445 2356 574 2399 etiam
612 2356 780 2399 notario
814 2366 900 2398 tam
932 2355 1219 2399 memorabilis
1251 2354 1485 2407 videbatur,
1516 2364 1562 2396 ut
1604 2353 1837 2397 distinctim
1877 2354 2070 2411 apposito

445 2442 555 2469 anno
590 2441 682 2469 eam
714 2427 961 2469 honestaret
992 2425 1197 2484 nobisque
1229 2426 1402 2470 evidens
1434 2425 1603 2482 signum
1633 2440 1667 2470 a.
1689 2438 1797 2482 1229
1819 2425 2069 2482 porrigeret.

446 2497 489 2540 Si
517 2496 646 2540 iudex
678 2497 817 2540 curiae
849 2508 949 2540 tunc
981 2497 1186 2554 Strigonii
1229 2497 1298 2541 vel
1328 2495 1615 2552 Albaeregalis
1659 2495 1912 2548 morabatur,
1956 2506 2068 2540 certe

445 2568 606 2625 integra
642 2568 883 2625 pertransiit
913 2567 1191 2621 hebdomada,
1230 2568 1368 2612 donec
1412 2567 1622 2624 litigantes
1666 2565 1926 2610 Varadinum
1968 2580 2070 2623 per·-

445 2651 652 2682 venerunt
707 2639 898 2696 adeoque
957 2639 1248 2682 testimonium
1291 2639 1376 2682 hoc
1430 2637 1481 2681 ad
1530 2637 1693 2680 initium
1737 2652 1794 2685 m.
1823 2637 2005 2693 Januarii
2035 2653 2069 2681 a.
