2170 3210
661 811 825 873 PRO
864 810 1282 872 MEMORIA.

297 1039 508 1108 Regesta
546 1038 893 1090 Varadinensia
928 1070 1000 1075 ——
1038 1055 1162 1106 quae
1204 1050 1252 1089 et
1290 1038 1341 1089 in
1372 1037 1494 1107 ipsis
1519 1037 1723 1106 regestis
1751 1050 1802 1090 et

156 1127 285 1198 apud
325 1127 547 1181 eruditos
585 1128 769 1197 passim
808 1139 1082 1196 regestrum
1127 1127 1464 1179 Varadinense
1514 1127 1804 1180 vocitantur

154 1251 226 1256 -—
264 1236 350 1271 seu
387 1217 587 1289 librum,v
627 1219 675 1270 in
721 1236 823 1287 quo
875 1217 1207 1286 experimenta
1258 1215 1371 1268 ferri
1422 1216 1690 1279 candentiS,
1742 1217 1803 1270 ad

157 1306 513 1377 explorandam
552 1325 752 1360 reorum
785 1307 1122 1359 innocentiam
1163 1305 1288 1359 olim
1328 1307 1377 1358 in
1404 1320 1574 1359 nostra
1600 1324 1804 1375 quoque

156 1397 308 1468 patria
347 1396 575 1458 adhibita,
614 1396 1072 1459 conscribebantur,
1111 1396 1216 1449 iure
1256 1397 1540 1466 meritoque
1572 1397 1652 1449 sui
1678 1415 1804 1466 pro-

158 1488 323 1558 prium
360 1487 574 1540 vindicat
613 1486 882 1556 capitulum
921 1486 1251 1539 Varadinense
1291 1485 1451 1557 (latini
1490 1486 1652 1557 ritus).
1683 1487 1806 1539 Pre-

108 1573 114 1577 ’
157 1578 316 1631 tiosus
371 1577 455 1632 hic
510 1576 643 1638 liber,
700 1595 802 1646 quo
853 1575 1043 1629 nullum
1095 1577 1559 1646 experimentorum
1607 1575 1805 1630 illorum

159 1668 525 1722 documentum
580 1668 824 1737 antiquius
882 1679 1052 1728 exstat,
1108 1666 1373 1721 venerabili
1428 1666 1529 1719 hoc
1586 1665 1806 1736 collegio

159 1758 369 1811 conscio
408 1758 646 1826 operique
684 1756 972 1824 invigilante
1010 1775 1036 1808 a
1075 1757 1221 1810 sociis
1260 1757 1358 1809 suis
1391 1769 1465 1809 est
1493 1757 1807 1826 compositus

164 1860 213 1900 et
240 1865 324 1917 per
350 1847 508 1900 multa
532 1846 724 1900 saecula
750 1847 800 1899 in
827 1846 1032 1900 aedibus
1059 1847 1281 1899 eiusdem
1303 1845 1497 1915 collegii
1518 1847 1808 1900 custoditus,

305 1938 484 2006 Itaque,
523 1955 682 2006 quum
720 1937 824 1990 duo
864 1954 1054 1990 errores
1093 1936 1262 1989 diebus
1312 1937 1495 1990 nostris
1546 1937 1809 1989 existima-

160 2028 354 2082 tionem
411 2040 723 2096 regestorum
779 2026 1190 2080 Varadinensium
1242 2026 1467 2088 lacerent,
1520 2026 1807 2096 Capitulum

161 2117 492 2170 Varadinense
533 2135 621 2170 eos
660 2135 822 2185 aequo
861 2117 1029 2170 animo
1069 2115 1194 2170 ferre
1232 2117 1448 2169 minime
1475 2117 1650 2186 potuit.
1680 2117 1809 2169 Sunt

162 2207 297 2261 enim
334 2208 437 2268 viri,
477 2206 611 2277 iique
649 2205 893 2276 praeclari,
935 2207 1018 2277 qui
1057 2206 1374 2271 contendant,
1400 2219 1603 2276 tempus
1630 2207 1808 2275 singu-

162 2298 328 2351 lorum
365 2298 774 2350 testimoniorum
814 2296 960 2350 huius
997 2297 1199 2368 segestri
1238 2297 1559 2350 determinare
1593 2297 1810 2350 omnino

162 2387 468 2457 impossibile
508 2405 626 2440 esse.
666 2386 761 2439 Alii
800 2398 966 2439 autem
999 2387 1207 2440 nomina
1234 2405 1561 2456 personarum
1589 2399 1637 2439 et
1660 2386 1812 2440 loco-

164 2495 276 2530 rum
331 2476 473 2548 plane
530 2477 791 2546 depravata
840 2477 1266 2546 interpretumque
1324 2477 1528 2530 arbitrio
1587 2468 1811 2547 eiposita

165 2584 271 2620 esse
310 2566 546 2620 dictitant.

307 2657 515 2725 Utrique
555 2658 666 2711 huic
704 2657 854 2709 errori
894 2674 1149 2709 occurrere
1182 2657 1404 2710 volentes
1431 2658 1552 2710 socii
1580 2657 1811 2727 praedicti

1627 2754 1665 2789 Ι,
