2170 3210
1743 168 1785 205 91

140 318 274 362 parvo
307 315 515 362 tempore.
562 303 695 347 Recte
741 303 824 347 hoc
868 302 1060 360 contigit,
1094 301 1264 361 quando
1313 301 1465 347 iudicia
1509 303 1552 346 in
1584 302 1787 348 fasciculo

141 375 270 421 tertio
302 386 397 420 test.
429 391 491 420 nr.
541 388 742 434 244—53
788 373 869 434 (=
926 388 1036 432 50-
1047 374 1122 434 59)
1175 375 1398 432 complexa
1449 386 1618 432 peracta
1665 386 1788 419 sunt:

139 447 227 493 File
258 447 337 492 fuit
370 447 548 492 vicarius
579 447 751 505 palatini
782 446 825 490 in
855 447 1032 504 regione
1066 446 1175 490 ultra
1204 446 1447 491 Danubium
1482 447 1567 505 ‚sita
1591 458 1635 491 et
1656 447 1789 491 Petos

107 516 109 518 ’
139 518 316 579 (Petus)
350 520 395 564 in
426 520 602 578 regione
636 519 694 563 cis
727 518 969 563 Danubium
1001 517 1223 563 adiacenti.

282 591 546 637 Fasciculum
569 602 766 651 quartum
787 602 881 636 test.
913 606 973 635 nr.
999 591 1236 648 254-258
1260 590 1340 650 (=
1371 590 1627 651 186—190)
1647 591 1786 648 primo

138 663 294 708 obtutu
325 679 438 708 anno
478 677 588 721 1219
622 663 807 707 tribuere
839 678 919 707 nos
952 663 1232 721 oportuisset,
1263 673 1364 706 tunc
1386 663 1500 706 enim
1523 675 1615 707 erat
1648 662 1786 707 docu-

138 736 297 780 mentis
329 735 582 780 testantibus
615 736 755 794 Gyula
787 735 940 788 maior,
978 735 1155 779 nomine
1203 734 1414 792 gentilitio
1463 735 1570 787 Kan‚
1618 750 1786 779 causam

138 819 235 855 test.
269 823 328 853 nr.
363 821 451 866 254
482 807 613 868 (186)
647 808 849 852 dirimens
882 808 1022 851 Banus
1055 819 1099 851 et
1138 822 1285 851 comes
1319 806 1651 851 Szolnokiensis.
1703 806 1788 851 Sed

136 895 183 924 re
215 891 410 924 accurate
442 895 662 938 perpensa,
694 879 806 924 aliud
837 890 1024 924 statuere
1056 893 1232 924 necesse
1266 890 1369 925 erat.
1404 878 1651 923 Commune
1671 879 1787 923 enim

137 963 239 997 tunc
271 963 374 1006 erat,
404 952 535 1006 viros,
567 951 749 997 dimissis
794 951 1055 1005 muneribus,
1086 952 1232 996 titulos
1273 966 1426 995 eorum
1474 951 1698 995 retinuisse
1743 962 1788 996 et

138 1023 284 1077 baum,
315 1024 497 1068 comites
536 1023 750 1082 appellari,
795 1023 990 1083 quamvis
1025 1022 1181 1067 officiis
1227 1023 1312 1067 suis
1358 1023 1488 1081 longe
1534 1034 1631 1067 ante
1664 1024 1786 1067 vale-

137 1094 335 1142 dixerint.
367 1095 412 1140 Si
441 1110 669 1154 pensamus
701 1095 914 1140 domicilia
954 1095 1210 1154 litigantium
1240 1096 1285 1139 in
1316 1111 1441 1140 causa
1474 1107 1570 1142 test.
1601 1111 1663 1141 nr.
1700 1108 1726 1139 2
1734 1109 1788 1153 54

136 1167 272 1228 (186)
303 1167 416 1212 clare
447 1179 634 1226 apparet,
681 1168 897 1225 Gyula-m
941 1167 1142 1213 homines
1189 1168 1416 1212 comitatus
1464 1167 1787 1211 Szolnokiensis

136 1250 239 1284 tunc
269 1238 490 1294 iudicasse,
521 1255 626 1298 ergo
658 1255 749 1284 non
781 1240 896 1293 Bani,
928 1239 1004 1284 sed
1024 1239 1195 1284 comitis
1216 1239 1537 1283 Szolnokiensis
1570 1250 1785 1296 potestate

137 1326 264 1355 usum
294 1310 440 1358 fuisse.
473 1311 562 1356 Iam
594 1327 701 1356 vero
735 1311 875 1370 Gyula
906 1311 976 1356 hic
1007 1312 1158 1363 maior,
1195 1323 1320 1368 prout
1354 1311 1616 1355 documenta
1647 1311 1787 1368 palam

139 1382 300 1437 dicunt,
331 1384 502 1428 comitis
534 1383 857 1428 Szolnokiensis
889 1399 1044 1427 munus
1090 1383 1219 1427 etiam
1265 1399 1378 1427 anno
1429 1397 1541 1428 1220
1576 1383 1786 1439 sustinuit,

134 1467 180 1500 et
210 1456 309 1515 quia
339 1471 455 1500 anno
493 1469 604 1513 1219
640 1456 741 1500 Bani
775 1455 920 1500 officio
953 1455 1135 1514 fungens
1168 1455 1278 1499 ultra
1309 1456 1497 1499 Dravam
1531 1471 1786 1500 commora-

132 1527 268 1582 batur,
287 1542 438 1572 revera
458 1528 717 1572 sententiam
739 1528 782 1571 in
805 1543 930 1572 causa
947 1539 1042 1574 test.
1075 1543 1133 1573 nr.
1167 1542 1255 1585 254
1286 1526 1421 1588 (186)
1454 1527 1567 1572 ferre
1599 1543 1633 1573 a.
1674 1541 1784 1584 1219

132 1615 224 1644 non
254 1600 406 1657 potuit.
442 1601 556 1644 Bene
589 1611 734 1644 autem
778 1600 1016 1644 sententiae
1058 1599 1259 1644 ferendae
1303 1600 1587 1657 personaliter
1635 1599 1785 1644 adesse

131 1671 275 1730 potuit
326 1687 361 1718 a.
419 1685 543 1717 1220.
594 1672 663 1716 Ad
713 1687 872 1716 annum
925 1687 1030 1730 ergo
1087 1685 1200 1716 1220
1247 1671 1536 1729 {collocandus
1593 1684 1659 1716 est
1717 1672 1787 1717 hic

132 1742 369 1797 fasciculus,
419 1742 731 1803 dicendumque
782 1744 999 1787 notarium
1048 1743 1148 1788 ideo
1198 1742 1384 1788 iudicem
1436 1744 1515 1788 hac
1570 1745 1615 1788 in
1658 1760 1785 1788 causa

134 1815 300 1859 Banum
345 1815 590 1872 appellasse,
627 1816 724 1874 quia
768 1814 1040 1873 praecedenti
1085 1830 1196 1859 anno
1241 1830 1392 1859 revera
1437 1815 1631 1874 dignitati
1681 1816 1786 1859 Bani

134 1899 330 1944 praeerat
378 1887 630 1946 titulumque
675 1886 872 1931 dimissae
916 1901 1048 1944 porro
1095 1903 1265 1946 quoque
1311 1887 1496 1932 retinuit.
1551 1887 1785 1932 Adiicimus

135 1958 286 2012 adhuc,
317 1958 360 2003 in
393 1970 487 2004 test.
535 1975 597 2004 nr.
651 1961 737 2016 256
784 1959 904 2018 (188)
958 1959 1152 2003 Mike-m
1204 1960 1361 2004 iterum
1412 1960 1530 2004 velut
1581 1960 1785 2004 comitem

133 2030 424 2075 Bihariensem
457 2030 730 2088 appellatum,
762 2030 879 2089 quod
911 2046 1023 2075 anno
1062 2044 1175 2075 1220
1209 2032 1372 2090 optime
1405 2032 1619 2077 convenit.

278 2103 328 2147 In
360 2118 485 2147 causa
517 2102 707 2147 fasciculi
739 2103 875 2161 quinti
908 2114 1002 2149 test.
1046 2119 1110 2149 nr.
1145 2106 1377 2162 259—263
1414 2103 1496 2163 (=
1533 2105 1783 2162 116—120)

131 2174 268 2232 prima
299 2190 375 2219 seu
407 2190 470 2222 nr.
506 2188 590 2232 259
627 2173 761 2234 (116)
794 2174 956 2231 Atyusz
1003 2174 1194 2234 (Ochuz,
1238 2174 1385 2234 Oguz,
1427 2175 1599 2236 Ocyus)
1645 2176 1783 2219 Banus

130 2245 254 2290 velus
275 2245 403 2291 iudex
435 2262 459 2290 a
490 2261 592 2305 rege
625 2246 847 2304 speciatim
880 2246 1047 2301 missus,
1078 2247 1123 2291 in
1155 2263 1278 2291 causa
1311 2259 1407 2291 test.
1443 2263 1505 2293 nr.
1538 2250 1626 2292 260
1649 2247 1783 2307 (117)

132 2317 304 2371 Farkas,
335 2332 483 2362 comes
517 2318 682 2362 curialis
715 2318 985 2372 Bihariensis‚
1028 2319 1072 2362 in
1105 2333 1230 2363 causa
1260 2335 1367 2364 vero
1400 2331 1496 2365 test.
1530 2322 1613 2377 263
1649 2319 1783 2379 (120)

132 2388 253 2433 Mike
285 2389 445 2450 (Mika)
478 2405 626 2434 comes
659 2390 916 2434 Bihariensis
958 2391 1215 2435 sententiam
1248 2391 1406 2438 dicunt.
1456 2393 1619 2449 Atyusz
1665 2403 1782 2435 recte

132 2475 246 2504 anno
285 2473 396 2504 1220
429 2461 482 2505 ad
514 2461 766 2519 dignitatem
799 2463 900 2506 Bani
944 2463 1101 2507 iterum
1143 2476 1375 2521 provectus
1409 2476 1473 2508 est
1507 2464 1650 2522 sicque
1685 2478 1783 2507 cum

132 2532 253 2576 Mike
286 2531 428 2576 denuo
461 2533 584 2577 simul
620 2549 775 2578 munus
808 2534 949 2592 gessit.
984 2535 1154 2589 Farkas,
1198 2547 1244 2579 ut
1276 2536 1470 2594 superius
1503 2534 1783 2588 ostendimus,

130 2603 252 2648 initio
270 2620 304 2650 a.
333 2617 444 2649 1220
466 2604 601 2649 adhuc
616 2605 833 2650 bilochum
852 2606 1142 2651 Bihariensem
1156 2607 1321 2665 agebat,
1338 2623 1443 2665 ergo
1460 2608 1575 2665 prius
1598 2622 1645 2651 ac
1668 2622 1780 2651 anno

139 2689 251 2720 1220
284 2676 351 2720 hic
383 2675 605 2721 fasciculus
638 2677 788 2722 litteris
821 2677 1010 2722 mandari
1042 2694 1129 2723 non
1160 2680 1311 2736 potuit.
1347 2679 1432 2723 Sed
1463 2695 1486 2723 e
1507 2679 1782 2738 subsequenti
