2170 3210
440 162 506 199 302

434 293 552 353 quod
584 292 821 350 supradicta
851 292 982 336 sancti
1014 292 1345 349 Protomartyris
1385 291 1564 335 ecclesia
1595 290 1837 348 supradicto
1869 289 2063 335 Ladjslao

436 366 582 409 comiti
619 375 791 408 centum
807 378 970 407 marcas
992 363 1268 421 persolveret,
1291 374 1334 406 et
1355 363 1414 406 sic
1435 362 1672 420 supradicta
1693 373 1805 406 terra
1831 361 2066 406 Thomasci

435 436 489 480 ad
521 438 657 494 ipsam
680 436 771 479 sine
795 435 912 479 omni
934 434 1269 479 contradictione
1291 435 1382 479 iure
1404 446 1611 491 perpetuo
1631 432 1799 477 rediret.
1821 433 1874 477 Et
1905 432 2065 477 factum

436 519 503 551 est
535 508 603 551 ita.
635 507 749 551 Nam
781 506 1048 564 praepositus
1080 505 1271 550 eiusdem
1302 506 1386 550 loci
1418 506 1661 549 nominatus
1699 519 1795 548 cum
1838 503 2067 548 nominatis

438 579 633 622 fratribus
678 578 767 621 eius
819 589 989 621 centum
1039 592 1200 621 marcas
1245 592 1387 621 coram
1436 576 1638 634 pristaldo
1683 576 1807 634 regis,
1857 573 2067 628 videlicet,

439 651 584 704 Petro,
616 649 704 693 filio
736 648 841 703 Lud,
871 649 1159 707 praesentibus
1191 648 1313 692 nobis
1335 649 1640 706 persolventes,
1662 662 1786 705 saepe
1807 647 1890 691 iam
1912 645 2067 690 dictam

436 732 596 765 terram
639 721 681 764 in
725 721 788 764 ius
833 721 1095 778 saepedictae
1139 720 1341 764 ecclesiae
1382 720 1663 764 redemerunt.
1695 719 1791 763 Nos
1834 728 2068 763 conventus

435 792 710 836 Varadiensis
743 792 866 836 huius
899 792 959 836 rei
991 803 1120 836 testes
1152 807 1308 835 sumus.

1055 959 1131 1002 Nr.
1167 971 1262 1013 379.
1294 955 1438 1015 (132.)

584 1041 695 1085 Cum
727 1040 914 1092 Scemer,
947 1039 1056 1083 filius
1089 1040 1301 1093 Scemera,
1332 1040 1377 1083 in
1407 1039 1558 1084 ultimo
1591 1051 1849 1084 testamento
1882 1040 2068 1086 dedisset

436 1112 643 1156 ecclesiae
676 1112 809 1155 sancti
841 1112 1045 1169 Georgii1
1079 1110 1315 1155 dusinicum
1348 1110 1558 1169 quendam
1602 1110 1653 1154 de
1697 1111 1869 1168 praedio
1908 1112 2067 1168 Jouse‚²

436 1184 612 1227 nomine
646 1184 770 1236 Dera,
801 1194 848 1226 ut
880 1183 924 1226 in
954 1182 1065 1227 festo
1098 1182 1232 1226 sancti
1253 1181 1473 1225 Michaelis
1496 1182 1726 1226 celebraret
1748 1183 1946 1242 exequias
1971 1198 2068 1228 cum

437 1270 521 1298 una
555 1270 638 1298 ove
670 1254 944 1312 competenti,
976 1254 1147 1312 triginta
1178 1253 1352 1311 panibus
1388 1265 1431 1297 et
1452 1255 1659 1312 quatuor3
1689 1253 1804 1309 idriis
1831 1255 2070 1307 cerevisiae,

438 1326 532 1383 ipso
567 1325 740 1370 Scemer
770 1337 958 1379 mortuo,
989 1325 1158 1384 quidam
1190 1335 1395 1382 cognatus
1428 1325 1530 1377 eius,
1561 1325 1732 1369 nomine
1762 1325 1934 1379 cosma,
1955 1325 2068 1370 deti-

439 1397 566 1441 nebat
599 1413 697 1440 eum
729 1397 839 1454 apud
870 1412 915 1440 se
937 1397 1130 1450 invitum,
1151 1411 1230 1440 nec
1251 1395 1521 1453 permittebat
1539 1412 1637 1440 eum
1660 1395 1830 1453 explere
1852 1397 2071 1441 servitium

440 1484 577 1512 suurn.
612 1468 739 1511 Filiae
770 1469 910 1527 itaque
942 1467 1169 1525 praedicti4
1202 1466 1387 1520 Scemar,
1409 1467 1584 1511 scilicet:
1617 1467 1843 1511 Benedicta
1865 1479 1908 1512 et
1926 1468 2072 1522 Rosa,⁶

441 1540 755 1598 requisiverunt
793 1554 939 1583 coram
969 1539 1170 1595 joanne,⁶
1213 1538 1457 1596 praeposito
1501 1538 1764 1591 Varadiensi,
1806 1539 2073 1583 nominatum

445 1610 697 1664 dusinicum,
719 1610 921 1663 dicentes,
953 1610 1067 1668 quod
1098 1621 1359 1654 memoratus
1392 1624 1537 1653 earum
1569 1621 1771 1667 cognatus
1804 1608 2022 1654 dimissum
2050 1625 2072 1654 a

436 1694 559 1739 patre
591 1697 670 1726 suo
704 1681 938 1725 dusinicum
985 1680 1096 1739 apud
1126 1696 1171 1725 se
1215 1681 1397 1724 invitum
1441 1680 1662 1734 detineret,
1704 1691 1746 1724 et
1787 1695 1876 1724 non
1918 1681 2072 1725 sineret

442 1752 634 1797 officium
655 1768 777 1796 suum
805 1752 1044 1810 adimplere.
1078 1751 1212 1805 Quod
1244 1767 1341 1796 cum
1371 1752 1455 1795 iam
1487 1751 1600 1795 dicto
1631 1751 1874 1809 praeposito
1907 1752 2070 1796 consti-

438 1824 577 1877 tisset,
599 1824 698 1867 dato
722 1823 938 1881 pristaldo,
960 1823 1135 1867 scilicet:
1156 1822 1378 1867 sacerdote
1398 1823 1482 1866 iam
1504 1822 1639 1866 dictae
1657 1822 1871 1875 ecclesiae,
1898 1823 2071 1867 nomine

441 1895 589 1948 Paulo,
620 1895 888 1939 nominatum
921 1894 1159 1938 dusinicum
1190 1894 1374 1938 restituit
1404 1895 1447 1938 in
1481 1893 1683 1949 officium,
1720 1894 1762 1937 in
1806 1909 1891 1952 quo
1933 1893 2072 1951 ipsum

437 1965 641 2009 dominus
674 1981 771 2009 suus
804 1965 1074 2029 stabiliverat,
1106 1965 1310 2009 mandans
1343 1964 1485 2009 eidem
1516 1964 1719 2018 dusinico,
1741 1976 1787 2008 ut
1809 1979 1832 2007 a
1853 1964 2070 2022 praedicto

587 2119 598 2140 ²
620 2109 820 2166 ¹Templum
846 2120 917 2155 hoc
944 2121 982 2155 in
1009 2120 1174 2155 orientali
1200 2128 1299 2166 parte
1326 2121 1407 2166 pagi
1433 2120 1545 2164 (nunc
1570 2121 1644 2155 iam
1670 2119 1820 2166 praedii)
1845 2120 1944 2155 Macs
1982 2120 2072 2156 olim

438 2187 604 2215 erectum
630 2188 715 2220 erat,
738 2180 791 2213 ..ab
830 2190 946 2226 eoque
983 2180 1095 2214 serius
1132 2179 1222 2215 haec
1257 2191 1337 2225 pars
1375 2181 1526 2214 nomine
1562 2180 1812 2226 Szentgyorgy
1846 2186 1974 2214 vocata
2009 2187 2073 2222 est,

445 2250 656 2285 nomenque
682 2239 753 2274 hoc
779 2238 889 2273 hodie
915 2250 1026 2285 usque
1052 2239 1208 2274 retinuit.
1247 2238 1292 2272 Et
1324 2238 1422 2273 Macs
1454 2246 1489 2273 et
1526 2239 1776 2285 Szentgyorgy
1814 2250 1834 2273 a
1871 2239 2071 2285 municipio

442 2288 652 2333 Debreczen
678 2299 771 2333 inter
798 2297 1028 2333 occidentem
1054 2305 1089 2333 et
1114 2299 1399 2344 septentrionem
1424 2309 1546 2333 versus
1571 2298 1637 2332 sita
1661 2305 1755 2332 sunt.

584 2356 597 2376 ²
622 2357 726 2402 Jozsa
752 2368 874 2403 paguS,
902 2358 1100 2404 municipio
1126 2357 1335 2392 Debreczen
1365 2357 1410 2392 ad
1435 2358 1729 2403 septentrionem.

587 2417 600 2437 ³
627 2416 667 2451 In
694 2417 856 2451 editione
882 2417 1064 2463 principe:
1091 2424 1270 2463 quattuor.

587 2475 601 2494 ⁴
627 2476 668 2510 In
694 2475 852 2511 editione
879 2476 1055 2522 principe:
1082 2476 1294 2522 praedictae.

585 2534 600 2554 ⁶
624 2534 666 2569 In
704 2535 862 2570 editione
900 2535 1060 2581 principe
1098 2535 1260 2570 additur:
1300 2535 1343 2570 ad
1382 2546 1471 2581 quae
1510 2535 1635 2570 omnia
1671 2534 1781 2580 (quod
1818 2533 1959 2569 nullum
1995 2544 2073 2569 sen-

435 2605 524 2629 sum
549 2593 683 2639 habet).

590 2652 603 2671 ⁶
629 2652 742 2699 Supra
768 2665 820 2687 nr.
851 2652 927 2697 361.
