2170 3210
449 171 514 207 192

1063 314 1141 360 Nr.
1177 316 1272 359 106.
1306 314 1450 374 (289.)

588 398 728 441 Beche
760 396 812 441 de
845 396 942 440 villa
970 396 1153 441 Tarianl
1173 397 1354 455 impetiit
1380 397 1619 455 praedictos
1640 397 1785 442 Balum
1804 410 1847 444 et
1869 399 2080 454 Scemam,

444 468 498 512 de
531 468 714 526 dampno
747 468 870 511 unius
903 479 945 512 et
977 468 1177 513 dimidiae
1209 484 1374 513 marcae
1419 484 1566 513 coram
1610 468 1771 513 eisdem
1814 469 1992 525 arbitris,
2036 481 2080 514 et

443 539 601 584 eodem
633 539 842 583 existente
873 539 1109 597 pristaldo?
1142 551 1186 583 et
1218 539 1372 584 eodem
1404 540 1603 594 terminO,
1634 540 1721 595 sed,
1752 552 1799 584 ut
1816 540 2078 598 praedictum

450 622 527 663 est,
560 610 660 654 Balu
693 622 735 654 et
767 610 919 654 Scema
949 626 1038 655 non
1069 622 1287 656 venerunt.

1063 742 1138 787 Nr.
1178 755 1270 799 107.
1305 741 1453 801 (290.)

589 825 752 870 Volura
783 826 961 883 litigavit
994 841 1091 870 cum
1125 826 1269 881 Petr0‚
1303 826 1459 882 dicens,
1492 825 1609 885 quod
1640 827 1791 870 Petrus
1822 825 2001 871 debebat
2040 826 2080 869 ei

444 913 631 942 marcam
660 913 788 941 unam
821 897 984 955 argenti
1018 908 1059 940 et
1091 912 1188 940 cum
1219 909 1432 955 repeteret
1462 897 1590 950 illam,
1622 898 1773 941 Petrus
1804 908 2014 956 negasset,
2033 911 2079 941 se

445 969 488 1012 in
521 969 661 1028 aliquo
695 969 733 1012 ei
765 969 914 1022 teneri,
944 969 1115 1025 insuper
1146 980 1190 1012 et
1220 969 1502 1026 vituperasset
1535 984 1646 1022 eum,
1677 980 1720 1012 et
1747 967 1933 1026 gladium
1954 982 2080 1026 super

445 1041 586 1097 ipsum
619 1041 891 1098 evaginasset.
927 1040 1052 1094 Quos
1084 1040 1274 1096 Joachin‚
1305 1040 1484 1084 vicarius
1516 1040 1642 1084 iudex
1673 1039 1867 1092 Ladislai,
1909 1040 2079 1084 comitis

446 1124 701 1156 venatorum
723 1111 1030 1165 bubalinorum,
1051 1110 1279 1155 discutiens
1301 1126 1377 1168 per
1407 1111 1668 1169 pristaldum‚
1699 1111 1872 1155 nomine
1893 1110 2078 1168 Stepha-

446 1199 564 1237 num,
594 1183 708 1227 misit
740 1182 1031 1235 Waradinum,
1062 1182 1133 1225 ubi
1176 1182 1314 1226 taliter
1355 1182 1561 1239 pacificati
1606 1194 1717 1236 sunt,
1760 1181 1876 1242 quod
1918 1181 2081 1227 Volura

447 1254 604 1298 dimisit
636 1255 764 1298 Petro
797 1266 938 1298 totum
970 1253 1167 1312 quicquid
1199 1254 1451 1312 requirebat,
1484 1265 1526 1297 et
1556 1253 1670 1298 idern
1701 1254 1791 1311 ipse
1818 1252 1931 1297 dabit
1951 1253 2080 1297 Petro

446 1342 579 1370 unum
610 1325 834 1369 fertonem.
869 1326 1018 1369 Petrus
1051 1334 1192 1369 autem
1237 1325 1495 1369 satisfaceret
1538 1324 1663 1369 iudici
1707 1335 1751 1368 et
1794 1323 1993 1381 pristaldo
2038 1335 2080 1368 et

447 1397 573 1441 ambo
607 1411 775 1453 semper
808 1409 950 1440 essent
982 1397 1024 1439 in
1056 1410 1170 1453 pace.

1070 1527 1144 1571 Nr.
1183 1527 1274 1570 108.
1310 1526 1453 1584 (170.)

589 1611 740 1654 Petrus
772 1621 815 1653 et
847 1610 988 1653 Bahan
1022 1609 1074 1653 de
1107 1609 1203 1653 villa
1225 1610 1341 1653 Hot3
1365 1609 1640 1666 impetierunt
1660 1609 1850 1666 Gyrcum
1872 1607 2079 1654 convilla-

446 1697 551 1724 num
583 1697 707 1725 suum
739 1681 790 1725 de
823 1684 952 1734 furto,
983 1680 1187 1726 iudicibus
1219 1681 1366 1734 Paulo,
1397 1680 1540 1723 curiali
1572 1681 1729 1724 comite
1761 1679 1814 1724 de
1846 1678 2000 1723 Bichor
2038 1690 2080 1722 et

447 1751 620 1808 Cybout
657 1752 805 1807 biloto,
847 1752 1048 1810 pristaldo
1087 1751 1242 1808 Hyvad
1286 1752 1338 1795 de
1381 1751 1477 1794 villa
1521 1751 1641 1796 Iraz.4
1686 1751 1895 1795 Dominus
1937 1750 2079 1808 itaque

451 1823 597 1879 Gyurc
628 1823 733 1883 (sic)
765 1824 1009 1867 combustus
1042 1835 1117 1868 est.

1072 1953 1146 1997 Nr.
1186 1967 1236 1996 10
1270 1990 1276 1997 .
1339 1968 1354 1996 1
1399 1967 1430 1997 1.

592 2036 696 2081 Cata
729 2035 781 2079 de
812 2036 910 2079 villa
941 2037 1061 2080 Nec⁵
1093 2037 1182 2094 egit
1214 1951 1463 2079 c191m('1:lecii
1494 2047 1534 2079 et
1555 2036 1856 2080 Bartholomeo
1878 2047 1922 2080 et
1944 2036 2079 2079 Butha

448 2106 584 2150 iudice
616 2106 760 2160 Paulo,
793 2107 936 2151 curiali
968 2108 1125 2151 comite
1159 2106 1210 2151 de
1242 2107 1409 2160 Bichor,
1440 2106 1641 2163 pristaldo
1666 2106 1790 2151 Buda.
1811 2107 1917 2150 Cata
1938 2107 2079 2165 itaque

448 2177 697 2221 combustus
731 2175 804 2223 est.

595 2307 606 2328 ¹
632 2308 738 2342 Nunc
764 2307 1017 2354 Tisza-Tarja'n
1044 2309 1081 2343 in
1108 2319 1203 2343 com.
1231 2309 1379 2343 Borsod.

594 2367 608 2386 ²
634 2367 750 2413 Supra
777 2379 828 2401 nr.
860 2377 935 2412 105.

596 2426 610 2446 ³
636 2426 740 2461 Nunc
772 2428 960 2473 praedium
988 2427 1058 2461 Hat
1078 2439 1097 2461 a
1114 2438 1208 2473 pago
1229 2427 1388 2462 Komadi
1410 2425 1639 2462 occidentem
1655 2437 1775 2461 versus
1796 2428 1833 2461 in
1852 2438 1946 2462 com.
1965 2427 2080 2461 Bihar.

449 2486 566 2532 Supra
592 2498 644 2520 nr.
676 2485 726 2520 16.

594 2547 608 2567 ⁴
633 2545 740 2580 Nunc
773 2545 961 2591 praedium
986 2546 1059 2580 Irziz
1086 2546 1230 2580 ibidem.
1258 2545 1357 2580 infra
1383 2557 1435 2579 nr.
1467 2555 1543 2591 135,
1574 2544 1657 2589 159.>
1714 2571 1720 2575 v.

594 2606 607 2625 ⁵
631 2606 760 2651 Pagos,
778 2604 885 2651 Nyek
912 2612 1139 2651 nuncupatos
1164 2605 1290 2639 habuit
1316 2604 1407 2640 olim
1432 2615 1527 2639 com.
1554 2604 1659 2638 Bihar
1698 2611 1778 2638 tres.
1817 2603 1873 2638 De
1910 2613 1981 2649 quo
2019 2603 2079 2638 hic

449 2666 596 2700 sermo?
623 2665 698 2700 erui
723 2664 818 2699 haud
845 2671 973 2710 potest.
1000 2665 1113 2710 Supra
1139 2675 1190 2698 nr.
1224 2674 1275 2709 51.
1302 2663 1401 2698 Infra
1430 2674 1505 2708 157.
