2170 3210
436 177 502 214 150

1107 322 1201 366 Alia
1233 323 1384 367 oratio.

574 403 863 462 Omnipotens
894 404 1023 457 Deus,
1056 415 1096 448 te
1130 405 1373 463 suppliciter
1404 419 1605 463 rogamus
1629 420 1707 463 pro
1730 405 1852 450 huius
1874 407 2060 465 negotiis

431 475 758 530 examinatione,
790 490 916 534 quam
948 475 1080 520 modo
1111 475 1221 520 inter
1252 491 1332 520 nos
1371 475 1639 529 ventilamus,
1683 487 1729 521 vt
1770 476 1926 522 iustitie
1971 479 2061 523 non

432 546 674 591 dominetur
705 547 916 606 iniquitaS,
948 546 1022 591 sed
1060 546 1262 591 subdetur
1304 562 1472 605 semper
1515 547 1672 592 falsitas
1715 548 1897 602 veritati,
1938 549 1982 593 et
2026 549 2062 593 si

431 617 540 662 hanc
570 629 839 675 praesentem
872 618 1234 663 examinationem
1278 618 1425 677 aliquis
1468 634 1544 676 per
1588 618 1762 678 aliquod
1803 618 2061 664 maleficium

432 700 503 732 aut
534 703 610 747 per
641 689 790 734 herbas
834 700 980 747 tegere
1012 700 1055 733 et
1086 689 1290 747 impedire
1339 690 1533 743 voluerit,
1577 701 1648 734 tua
1692 701 1833 735 sancta
1876 690 2064 744 dextera,

431 760 658 805 iustissime
690 759 829 814 iudex,
861 775 1067 805 euacuare
1100 759 1284 819 digneris
1316 776 1392 816 per
1424 762 1661 805 Dominum
1692 773 1902 806 nostrum.

746 831 871 876 Tunc
903 834 1149 889 aspergatur
1180 831 1340 876 ferrum
1372 847 1474 891 aqua
1512 832 1746 877 benedicta.

576 903 821 948 Benedictio
854 904 952 957 Dei,
982 903 1130 959 PatriS,
1162 915 1206 948 et
1237 903 1343 957 Filii,
1374 915 1417 948 et
1461 903 1639 962 Spiritus
1662 905 1807 958 sancti,
1833 903 2062 949 descendat

432 988 557 1031 super
589 974 672 1019 hoc
703 974 864 1019 ferrum
897 974 949 1018 ad
981 974 1336 1020 manifestandum
1368 990 1518 1019 verum
1548 974 1763 1030 iudicium,
1793 977 1944 1020 Amen.

1170 1094 1337 1139 Oratio,

576 1177 864 1235 Omnipotens
896 1178 1154 1236 sempiterne
1185 1179 1316 1232 Deu3‚
1348 1178 1419 1236 qui
1450 1189 1522 1221 tua
1543 1176 1709 1231 iudicia,
1730 1174 2066 1223 incommutabili

435 1247 728 1306 dispositione,
759 1249 891 1293 iustus
923 1249 1077 1308 ubique
1110 1248 1236 1293 iudex
1268 1248 1482 1302 discernis,
1514 1260 1560 1292 tu
1593 1249 1778 1293 clemens
1810 1249 1854 1293 in
1884 1249 1969 1294 hoc
1989 1261 2065 1295 tuo

434 1319 603 1373 iudicio,
635 1319 687 1364 ad
716 1320 1037 1364 inuocationem
1068 1320 1201 1365 sancti
1233 1320 1293 1363 tui
1324 1319 1522 1373 nominiS‚
1566 1319 1682 1379 quod
1725 1335 1748 1363 a
1791 1331 1833 1364 te
1877 1320 2066 1365 fidelium

434 1391 612 1435 intentio
626 1391 830 1450 deplorat,
841 1403 911 1435 tua
934 1392 1162 1436 iustissima
1182 1391 1498 1435 examinatione
1521 1390 1699 1444 declara,
1720 1405 1796 1449 per
1818 1391 2066 1437 Dominum.

1110 1511 1203 1554 Alia
1236 1511 1387 1554 oratio.

577 1596 692 1639 Deus
726 1595 853 1639 iudex
883 1595 1028 1648 iustus,
1050 1594 1173 1639 fortis
1199 1605 1242 1637 et
1269 1594 1445 1651 patiens,
1465 1594 1536 1651 qui
1557 1592 1680 1637 sedes
1703 1607 1830 1651 super
1849 1594 2068 1647 thronum,

436 1677 479 1709 et
509 1666 666 1710 iudicas
699 1667 968 1725 aequitatem,
1001 1666 1202 1724 quoniam
1233 1666 1368 1708 iustus
1390 1680 1435 1709 es
1458 1675 1500 1708 et
1522 1675 1686 1708 rectum
1713 1663 1913 1708 iudicium
1934 1675 2068 1719 tuum,

435 1738 566 1791 Deus,
603 1738 674 1796 qui
717 1738 952 1781 Susannam
997 1737 1049 1781 de
1093 1736 1199 1780 falso
1245 1736 1420 1780 crimine
1452 1735 1652 1788 liberasti,
1696 1746 1739 1778 et
1782 1746 1869 1779 tres
1910 1750 2067 1793 pueros

436 1808 611 1866 Sydrak,
635 1808 802 1853 Misach
825 1819 866 1852 et
887 1807 1121 1865 Abdenago
1151 1807 1203 1852 de
1226 1808 1392 1851 camino
1416 1807 1524 1865 ignis
1559 1806 1744 1850 ardentis
1776 1821 1852 1864 per
1875 1817 2067 1850 sanctum

437 1880 634 1937 angelum
665 1892 786 1924 tuum
816 1880 959 1924 illesos
992 1879 1186 1932 eduxisti,
1217 1879 1370 1938 quique
1402 1893 1478 1936 per
1506 1876 1981 1935 aduentumUnigeniti
2005 1877 2072 1920 tui’

436 1952 523 2006 filii,
545 1951 706 1995 domini
725 1951 861 1995 nostri
882 1952 977 1995 Iesu
999 1951 1170 2004 Christi,
1192 1949 1398 1994 mundum
1421 1949 1604 2002 saluasti,
1626 1959 1668 1992 et
1688 1963 1763 2006 per
1785 1948 1874 1992 eius
1895 1949 2067 2005 passio-

437 2039 537 2067 nem
578 2023 813 2066 humanum
857 2038 991 2080 genus
1034 2021 1262 2075 redemisti,
1306 2022 1436 2074 Deus,
1480 2021 1593 2078 pacis
1639 2031 1804 2064 amator
1835 2031 1879 2063 et
1909 2030 2069 2071 auctor,

435 2095 508 2154 qui
538 2094 708 2152 respicis
742 2106 898 2138 terram
931 2105 973 2137 et
1011 2093 1111 2137 facis
1143 2108 1239 2137 eam
1282 2104 1480 2145 tremere,
1513 2096 1689 2148 respice,
1732 2105 1974 2148 quesumus,
2017 2089 2070 2133 ad

432 2166 566 2210 fidem
610 2177 652 2209 et
679 2180 828 2222 preces
861 2165 1096 2222 supplicum
1139 2175 1326 2217 tuorum,
1358 2164 1428 2222 qui
1473 2162 1739 2222 querimonie
1786 2177 1886 2205 suae
1918 2176 2063 2205 causas

435 2237 488 2281 ad
520 2238 581 2281 tui
604 2236 755 2281 ‘iudicii
779 2236 1138 2280 examinationem
1175 2234 1383 2287 deferunt,
1405 2245 1448 2279 et
1481 2248 1609 2290 super
1641 2233 1726 2276 hoc
1768 2231 1930 2276 ferrum
1969 2232 2068 2289 igne

439 2308 635 2362 candens,
667 2307 719 2352 ad
750 2307 1040 2351 dissoluendas
1073 2321 1224 2350 eorum
1256 2306 1364 2359 lites,
1395 2305 1572 2363 gratiam
1620 2316 1717 2347 tuae
1761 2303 2068 2347 benedictionis

438 2379 623 2434 infunde,
652 2391 699 2423 vt
731 2394 806 2436 per
848 2379 959 2423 illius
991 2378 1272 2422 ministerium
1316 2388 1359 2421 et
1402 2376 1559 2420 iustitia
1604 2375 1815 2432 patefacta
1855 2374 2071 2426 clarescat,

439 2463 481 2494 et
512 2452 710 2510 iniquitas
749 2451 858 2495 victa
889 2450 1144 2494 succumbat.
1178 2449 1319 2492 Tuam
1352 2463 1457 2506 ergo
1493 2447 1852 2504 omnipotentiam
1882 2445 2068 2489 Domine

438 2522 646 2580 supplices
679 2522 953 2580 deprecamur
987 2532 1030 2564 et
1069 2531 1212 2564 mente
1256 2519 1413 2564 devota
1457 2517 1639 2562 fideliter
1686 2517 1974 2574 imploramus,
2021 2526 2068 2558 vt

437 2595 544 2637 sicut
576 2593 681 2638 olim
713 2608 836 2650 supra
879 2592 1106 2636 memorati
1142 2591 1262 2648 pueri
1294 2590 1345 2634 de
1365 2604 1580 2633 *succensa
1621 2588 1792 2633 fornace
1825 2587 1957 2631 illaesi
1988 2597 2061 2629 tua

439 2676 542 2708 sunt·
568 2664 740 2709 dextera
771 2663 947 2717 liberati,
976 2664 1035 2706 ita
1066 2664 1304 2721 quicunque
1336 2662 1542 2705 innocens
1565 2660 1617 2704 de
1641 2665 1724 2703 hoc
1748 2659 1936 2710 crimine,
1958 2656 2067 2700 v'nde
