2170 3210
458 157 523 202 1⁴6

599 371 799 430 Sequitur
846 371 1088 416 Benedictio
1134 372 1404 430 EpiscopaIiS,
1452 387 1578 429 super
1624 387 1785 417 nouum
1829 372 1990 417 ferrum
2033 372 2087 418 ad

457 442 814 487 manifestandum
847 458 996 487 verum
1027 443 1233 488 Iudicium
1263 455 1544 501 preparatum.

1118 606 1120 611 -
1183 573 1351 618 Oratio,

595 656 776 700 Benedic
808 655 982 700 domine
1003 657 1140 710 Pater,
1172 657 1446 714 omnipotens
1478 668 1624 701 eterne
1655 657 1785 710 Deus,
1809 671 1884 714 per
1902 657 2084 701 inuoca-

451 729 616 772 tionem
649 728 898 772 sanctissimi
929 728 1114 772 nominis
1147 728 1206 771 tui
1238 739 1282 772 et
1311 743 1386 785 per
1419 727 1649 772 adventum
1675 728 1896 786 Unigeniti
1913 726 1989 772 filii
2008 729 2085 782 tui,

453 800 632 844 Domini
662 801 800 843 nostri
830 800 925 843 Iesu
957 799 1116 844 Christi
1149 811 1274 857 atque
1317 815 1393 857 per
1437 799 1596 843 donum
1632 799 1809 857 Spiritus
1843 800 1989 853 sancti,
2029 799 2086 844 ad

452 869 812 915 manifestandum
842 886 994 914 verum
1026 871 1227 914 iudicium
1257 882 1390 925 tuum,
1426 871 1511 915 hoc
1555 886 1688 928 genus
1729 871 1901 924 metalli,
1939 882 1986 914 vt
2028 872 2082 916 sit

453 941 760 986 sanctificatum
794 953 837 986 et
871 954 1180 995 consecratum,
1210 954 1258 986 vt
1290 943 1408 986 omni
1440 942 1673 987 demonum
1710 942 1890 988 falsitate
1933 943 2083 1000 procul

457 1025 635 1066 remota,
667 1013 858 1057 fidelibus
902 1014 983 1057 tuis
1020 1014 1175 1057 veritas
1207 1014 1298 1057 veri
1328 1013 1470 1057 iudicii
1508 1014 1567 1057 tui
1610 1013 1834 1058 manifesta
1875 1013 1961 1068 fiat,
2004 1028 2082 1071 per

452 1084 687 1128 Dominum
719 1096 915 1128 nostrum
947 1085 1088 1128 Iesum
1120 1097 1171 1128 et.
1206 1100 1239 1129 c.

1180 1215 1347 1260 Oratio.

592 1299 707 1342 Deus
739 1299 935 1353 Abraam,
978 1300 1095 1344 Deus
1135 1300 1253 1343 Ysak
1299 1311 1342 1343 et
1384 1301 1500 1344 Deus
1544 1300 1683 1354 Iacob,
1724 1301 1842 1344 Deus
1886 1300 2081 1344 omnium

447 1370 555 1414 bene
587 1370 835 1424 viuentium,
878 1371 997 1415 Deus
1038 1371 1163 1428 origo
1196 1382 1239 1414 et
1270 1371 1554 1415 manifestatio
1588 1371 1726 1415 omnis
1769 1371 1966 1424 iustitiae,
2009 1371 2082 1430 qui

450 1442 566 1485 solus
611 1453 676 1485 est
719 1442 853 1485 iustus
895 1441 1035 1496 iudex,
1078 1442 1200 1486 fortis
1244 1454 1286 1486 et
1327 1443 1503 1500 patienS,
1540 1442 1713 1500 dignare
1758 1441 1954 1487 exaudire
1996 1457 2077 1486 nos

449 1512 630 1556 famulos
662 1524 758 1557 tuos
802 1524 975 1557 orantes
1007 1513 1059 1558 ad
1102 1525 1144 1558 te
1175 1528 1253 1571 pro
1292 1513 1587 1558 benedictione
1632 1513 1755 1559 huius
1798 1513 1910 1559 ferri.
1951 1512 2081 1558 Vnde

448 1599 649 1641 rogamus
688 1597 730 1627 te
771 1585 972 1638 Domine,
1013 1584 1196 1628 iudicem
1239 1586 1549 1638 vniuersorum‚
1589 1597 1635 1629 vt
1678 1586 1849 1629 mittere
1893 1585 2078 1643 digneris

448 1666 637 1699 sanctam
670 1666 713 1699 et
743 1670 891 1701 veram
937 1655 1279 1700 benedictionem
1312 1671 1429 1700 tuam
1461 1671 1587 1714 super
1619 1657 1703 1702 hoc
1746 1656 1918 1710 ferrum,
1948 1667 1994 1699 vt
2024 1657 2080 1700 sit

447 1725 714 1784 refrigerium
748 1726 849 1770 illud
880 1727 1160 1784 portantibu5,
1182 1738 1223 1771 et
1245 1727 1491 1772 habentibus
1524 1728 1726 1772 iustitiam
1747 1740 1790 1772 et
1810 1727 2079 1772 credentibus

445 1797 489 1840 in
521 1809 637 1841 tuam
682 1798 887 1842 iustitiam
931 1809 973 1842 et
1006 1798 1312 1844 fortitudinem.
1357 1799 1410 1843 Et
1441 1800 1494 1843 sit
1525 1800 1634 1857 ignis
1667 1799 1816 1844 ardens
1848 1799 2000 1858 iniquis
2032 1811 2075 1843 et

445 1867 693 1912 facientibus
725 1869 880 1928 iniqua,
926 1880 969 1913 et
1001 1870 1262 1928 sperantibus
1294 1871 1337 1914 in
1368 1871 1569 1914 iniustitia
1601 1886 1675 1915 sua
1706 1882 1749 1914 et
1779 1885 1936 1929 pompa
1980 1869 2078 1935 dia-—

444 1939 593 1984 bolica.
627 1940 845 1984 Conuerte
878 1940 1051 1985 domine
1095 1941 1432 1986 incredulitatem
1468 1943 1723 1985 iniustorum
1753 1956 1828 1999 per
1871 1941 2074 1985 virtutem

448 2022 489 2053 et
529 2010 872 2060 benedictionem
915 2024 1032 2055 tuam
1076 2023 1119 2056 et
1162 2027 1237 2069 per
1282 2013 1600 2056 inuocationem
1642 2023 1809 2056 sanctae
1841 2011 2079 2065 Trinitatis,

446 2081 583 2124 Patris
615 2093 656 2124 et
690 2082 782 2126 Filii
815 2094 857 2126 et
890 2082 1068 2140 Spiritus
1101 2084 1245 2127 sancti.
1279 2084 1330 2127 Et
1361 2085 1483 2128 mitte
1500 2084 1543 2127 in
1564 2084 1649 2127 hoc
1681 2083 1840 2127 ferrum
1861 2083 1949 2127 vim
1979 2083 2070 2126 vir—

445 2152 546 2195 tutis
580 2167 627 2196 ac
658 2153 848 2197 veritatis
881 2164 965 2207 tue,
996 2166 1042 2198 vt
1073 2154 1116 2197 in
1138 2170 1191 2198 eo
1225 2170 1405 2212 semper,
1435 2170 1509 2212 per
1534 2154 1868 2198 misericordiam
1889 2166 1933 2198 et
1953 2154 2070 2197 veri-

445 2234 592 2267 tatem·
610 2235 740 2277 tuam,
772 2225 992 2268 verissima
1023 2226 1196 2279 iustitia,
1229 2242 1310 2285 que
1343 2226 1417 2270 tibi
1449 2226 1532 2270 soli
1564 2227 1733 2284 cognita
1766 2238 1843 2279 est,
1879 2225 2077 2270 fidelibus

444 2294 540 2347 tuis,
572 2294 624 2338 ad
656 2294 1000 2339 emendationem
1043 2296 1299 2355 iniquorum,
1342 2297 1683 2341 manifestissime
1727 2297 1975 2350 declaretur,
2018 2296 2069 2340 de

444 2380 692 2424 quacunque
738 2367 963 2424 questione
1007 2368 1116 2411 ratio
1160 2368 1286 2412 fuerit
1329 2370 1493 2426 agitata,
1538 2380 1580 2412 et
1623 2368 1780 2413 nullam
1811 2379 2069 2425 potestatem

440 2435 592 2480 habeat
624 2436 827 2480 diabolica
875 2438 1009 2482 virtus
1047 2439 1273 2483 veritatem
1303 2451 1421 2484 tuam
1452 2451 1524 2483 aut
1556 2439 1767 2484 occultare
1811 2451 1881 2483 aut
1913 2438 2072 2495 depra-

441 2522 555 2560 uare,
586 2507 662 2552 sed
705 2508 758 2551 sit
790 2509 924 2552 seruis
969 2511 1050 2553 tuis
1083 2511 1125 2554 in
1158 2512 1471 2555 monimentum
1514 2510 1627 2564 fidei,
1669 2510 1721 2555 ad
1765 2509 2068 2561 credulitatem,

441 2577 579 2621 diuine
612 2579 839 2622 maiestatis
872 2590 959 2633 tue,
991 2580 1043 2624 ad
1074 2581 1425 2626 certificationem
1457 2582 1745 2626 misericordie
1768 2597 1815 2626 ac
1848 2580 2072 2625 verissime

440 2659 536 2691 tuae
570 2649 773 2703 veritatis,
803 2664 878 2707 per
909 2651 1155 2696 Dominum.
