2170 3210
1745 148 1811 184 251

169 291 215 325 et
247 280 406 326 damno
437 293 540 326 octo
571 297 811 326 marcarum
841 280 1055 326 violenter
1088 281 1339 336 ablatorum,
1357 281 1495 326 iudice
1517 281 1633 326 Mica
1656 280 1815 326 comite

169 351 223 397 de
254 352 423 408 Bichor,
452 353 656 412 pristaldo
686 354 845 398 Ioanne
878 353 930 398 de
963 353 1059 397 villa
1091 353 1296 412 Apathy.¹
1331 354 1422 408 Qui
1461 369 1559 398 cum
1600 354 1816 398 venissent

168 423 434 469 Varadinum
467 425 520 470 ad
551 441 731 471 examen
774 426 873 470 ferri
905 425 1135 480 candentis,
1188 425 1399 484 pacificati
1446 438 1557 480 sunt,
1600 425 1727 471 iudici
1772 438 1816 470 et

168 496 375 555 pristaldo
405 497 648 542 satisfacere
681 498 1003 543 convenientes
1036 498 1174 542 Bansa
1212 513 1318 543 vero
1353 509 1396 542 et
1426 499 1528 542 Isou
1573 514 1652 557 pro
1697 499 1814 543 bono

165 569 283 626 pacis
315 569 565 627 supradicta,
596 585 703 630 quae
735 569 1019 629 requirebant,
1050 569 1240 614 totaliter
1273 570 1552 616 remittentes.

796 750 872 795 Nr.
906 752 1005 794 262.
1039 749 1184 810 (199.)

315 834 459 878 Pouca
503 834 556 879 de
599 834 698 879 villa
742 834 856 879 Buza
897 834 1082 892 impetiit
1128 834 1416 879 convillanum
1466 849 1591 878 suum
1640 834 1816 879 nomine

170 905 390 950 Munkach
421 917 466 950 et
497 921 650 951 omnes
681 906 788 951 alios
821 906 1084 951 convillanos
1105 906 1297 951 eiusdem
1321 906 1444 950 villae
1471 906 1524 951 de
1551 906 1817 951 conscientia

171 989 215 1021 et
246 979 567 1036 conspiratione
589 978 825 1024 homicidii.
849 978 977 1033 Quos
998 979 1126 1033 Mica,
1147 994 1293 1023 comes
1314 978 1366 1023 de
1388 979 1543 1023 Bichor
1572 978 1818 1033 discutiens,

167 1063 245 1107 per
274 1049 524 1107 pristaldum
558 1066 697 1105 suum,
728 1050 912 1096 scilicet:
945 1050 1191 1095 Colondum
1226 1050 1279 1095 de
1325 1050 1421 1095 villa
1467 1051 1656 1104 NoozuI,
1701 1051 1816 1095 misit

169 1120 222 1166 ad
253 1121 458 1166 iudicium
490 1122 592 1168 ferri
623 1123 855 1179 candentis,
903 1123 973 1167 ubi
1016 1123 1234 1167 Munkach
1278 1138 1359 1181 pro
1404 1138 1451 1167 se
1496 1134 1538 1167 et
1585 1138 1691 1166 unus
1736 1138 1816 1181 pro

168 1193 334 1238 villanis
365 1206 540 1252 portato
574 1195 701 1249 ferro,
732 1194 949 1239 iustificati
982 1207 1091 1239 sunt.

801 1382 876 1426 Nr.
911 1384 1010 1439 263.
1043 1381 1189 1442 (120.)

313 1466 710 1525 Comprouinciales
744 1466 796 1511 de
828 1467 920 1510 Dus
953 1478 996 1510 et
1028 1466 1186 1511 horum
1209 1466 1449 1524 specialiter
1467 1466 1668 1524 ioubagio
1699 1465 1818 1510 Pauli

170 1537 246 1582 filii
277 1537 453 1592 Mocou,
484 1538 644 1582 scilicet
676 1538 888 1582 Martinus
921 1537 973 1582 de
1017 1537 1115 1582 villa
1160 1539 1311 1592 Benca,
1343 1549 1387 1583 et
1419 1537 1544 1582 abbas
1590 1537 1642 1582 de
1683 1539 1817 1582 Zam2

169 1620 214 1654 et
241 1609 368 1654 abbas
400 1609 454 1655 de
485 1609 651 1655 Uhod³
683 1621 726 1654 et
758 1610 901 1669 Beque
934 1609 987 1654 de
1021 1609 1116 1653 villa
1149 1610 1311 1664 Suma,4
1342 1610 1387 1654 hi
1414 1625 1566 1654 omnes
1595 1610 1818 1668 impetiere

170 1681 298 1735 fures,
327 1681 552 1727 videlicet:
590 1681 735 1726 Lodut
779 1681 831 1726 de
876 1681 974 1725 villa
1018 1681 1181 1736 Irund,⁵
1224 1682 1446 1727 Simonem
1490 1694 1534 1726 et
1578 1683 1731 1726 Botam
1764 1681 1816 1727 de

169 1753 268 1797 villa
298 1753 454 1807 Nozta,
486 1753 620 1798 Eliam
652 1753 705 1797 de
737 1753 835 1798 villa
867 1753 1027 1806 Uzlari,
1057 1754 1317 1811 Dionysium
1349 1753 1402 1798 de
1433 1754 1532 1798 villa
1566 1755 1679 1808 Vita,
1713 1754 1815 1799 Ste-

170 1825 360 1883 phanum
393 1837 436 1869 et
469 1825 670 1883 Rupoum
702 1824 755 1869 de
801 1820 899 1869 villa
941 1825 1157 1883 Gymeyzss
1200 1824 1339 1870 iudice
1384 1826 1512 1881 Mica,
1558 1827 1717 1872 comite
1765 1827 1817 1872 de

171 1897 339 1952 Bichor,
369 1897 571 1955 pristaldo
603 1897 765 1942 Ioanne
797 1897 850 1942 de
890 1897 988 1942 villa
1022 1898 1228 1956 Apathy.⁷
1272 1899 1337 1943 De
1382 1899 1614 1944 nominatis
1658 1899 1818 1944 furibus

170 1968 410 2028 Stephanus
442 1981 485 2014 et
517 1969 626 2014 Elias
658 1969 871 2014 combusti
903 1981 1014 2023 sunt,
1057 1981 1100 2014 et
1133 1972 1259 2028 Rupo
1293 1970 1400 2029 fugit
1431 1971 1474 2015 in
1508 1971 1732 2016 ecclesiam
1774 1983 1818 2015 et

169 2039 224 2085 ad
253 2040 517 2085 solutionem
549 2057 638 2085 non
670 2042 813 2088 exiuit.
845 2041 931 2086 Alii
963 2041 1154 2086 mundati
1187 2054 1295 2087 sunt.

315 2189 327 2211 ¹
354 2191 467 2239 Supra
495 2204 548 2228 nr.
576 2202 656 2238 234,
684 2192 777 2227 infra
805 2204 858 2227 nr.
886 2191 943 2238 63.

316 2250 330 2271 ’
355 2252 460 2287 Nunc
487 2253 675 2299 praedium
700 2253 787 2287 Zaim
813 2264 832 2287 a
858 2252 1054 2287 NAdudvar
1091 2261 1261 2300 septentr.
1289 2262 1323 2289 et
1349 2253 1579 2289 occidentem
1618 2264 1741 2289 versus
1780 2254 1817 2287 in

171 2322 264 2347 com.
292 2311 410 2359 Hajdu
438 2312 530 2348 olim
555 2313 737 2349 Szabolcs.

316 2372 330 2392 ⁸
355 2372 461 2408 Nunc
487 2373 676 2419 praedium
702 2372 804 2408 Ohat
829 2383 942 2419 prope
967 2372 1093 2419 Egyek
1118 2373 1216 2408 iuxta
1241 2372 1385 2409 Ticiam
1412 2374 1449 2408 in
1477 2384 1573 2409 com.
1602 2373 1732 2419 Hajdu.

314 2431 330 2451 ⁴
356 2431 459 2468 Olim
485 2444 599 2480 pagus
625 2433 663 2468 in
691 2432 874 2468 vicinitate
901 2431 1098 2468 Szoboszlo
1124 2433 1274 2469 ibidem.

316 2492 330 2512 ⁵
354 2492 467 2539 Supra
506 2504 559 2528 nr.
598 2503 678 2537 242.

316 2551 330 2571 ⁶
354 2552 507 2587 Saeculo
532 2552 628 2587 XIV.
655 2553 787 2588 exstitit
808 2563 922 2599 pagus
948 2552 1098 2588 nomine
1126 2551 1363 2600 ‹Gymazug›
1392 2555 1429 2589 in
1456 2554 1642 2589 vicinitate
1674 2554 1815 2600 Pocsaj.

169 2613 253 2659 Anj.
281 2611 343 2646 IV.
369 2621 450 2658 227.
476 2620 575 2648 cont.
602 2613 740 2648 ibidem
766 2613 808 2648 11.
835 2611 917 2657 463.

318 2671 330 2694 ⁷
356 2672 469 2719 Supra
495 2682 577 2719 234,
602 2671 685 2709 261.
