2170 3210
449 176 519 213 294

453 309 505 354 de
537 310 625 367 ipsa
657 320 911 362 nasceretur,
942 308 1095 352 liberae
1128 307 1381 352 conditionis
1415 320 1526 352 esset
1558 318 1612 362 et,
1644 307 1841 366 quicquid
1861 308 2082 353 masculini

451 397 577 425 sexus
608 380 743 433 fieret,
776 380 1067 424 conditionem
1098 380 1225 437 patris
1258 391 1513 439 sequeretur.

1072 510 1149 554 Nr·
1185 512 1278 567 364
1311 509 1456 569 (353)

596 583 852 640 Augustino,
871 582 959 626 filio
992 582 1239 636 Schemcha‚
1260 583 1350 626 sine
1383 582 1501 625 omni
1522 582 1704 626 haerede
1725 594 1912 636 mortuo,
1935 597 2082 627 servus

451 655 596 712 ipsiu3,
627 655 802 698 nomine
834 654 948 707 Paul,
980 669 1106 713 quem
1138 654 1228 711 ipse
1259 654 1519 711 Augustinus
1551 652 1786 697 dusinicum
1817 653 2081 713 exequialem

452 726 714 770 monasterio
748 726 879 769 sancti
910 726 1080 782 Joannis
1113 725 1356 783 Baptistae,l
1389 725 1624 783 reliquerat,
1656 736 1702 768 ut
1745 725 1919 783 singulis
1962 726 2080 770 annis

452 797 572 841 daret
605 796 806 841 ecclesiae
838 812 966 840 unam
998 812 1126 840 ovem
1157 808 1487 854 competentem,
1518 796 1688 853 triginta
1719 810 1863 853 panes,
1896 796 2080 856 quinque

451 868 578 913 idrias
611 868 813 925 cervisia-2
847 879 890 912 et
921 869 963 912 in
995 867 1110 914 nullo
1141 868 1309 925 penitus
1342 868 1424 911 alio
1458 867 1525 911 vel
1558 867 1758 911 ecclesiae
1790 867 1858 911 vel
1886 867 2081 926 cuiquam

452 940 525 984 alii
557 940 715 983 servire
748 950 1015 993 tenerentur3
1047 939 1128 994 ille,
1148 940 1332 997 inquam,
1355 939 1509 983 Paulus
1541 953 1722 982 uxorem
1753 953 1873 982 suam
1904 940 2082 983 nomine

453 1011 542 1055 Bud
577 1022 618 1054 et
649 1010 779 1055 filiam
810 1011 984 1055 nomine
1017 1011 1154 1068 Huga,
1187 1025 1293 1069 quae
1324 1011 1367 1054 in
1398 1012 1645 1068 portionem
1677 1009 1854 1054 duarum
1881 1025 2082 1054 sororum

452 1082 641 1127 iamdicti
691 1083 930 1140 Augustini,
981 1082 1139 1126 scilicet
1192 1086 1317 1138 Anne
1361 1093 1403 1126 et
1445 1083 1582 1138 Marig
1634 1092 1860 1135 cesserant,
1904 1094 1960 1136 et,
2002 1082 2082 1127 illis

455 1154 652 1204 mortuis,
684 1153 736 1197 ad
767 1154 935 1198 tertiam
966 1169 1160 1198 sororem
1191 1152 1368 1211 praefati
1398 1153 1640 1211 Augustini,
1661 1154 1835 1197 nomine
1857 1153 2081 1210 Magdale-

453 1240 566 1280 nam,
602 1224 872 1279 devenerant,
905 1227 1026 1269 cum²⁵
1058 1239 1268 1268 consensu
1301 1224 1579 1282 Cumpurdini
1599 1236 1642 1268 et
1663 1224 1895 1269 Gocholini
1916 1239 2082 1283 cogna-

455 1307 600 1340 torum
632 1296 794 1340 domini
825 1297 901 1350 sui,
931 1295 1111 1340 redemit
1143 1312 1166 1340 a
1198 1296 1385 1353 praefata
1416 1295 1680 1354 Magdalena,
1702 1295 1888 1339 >domina
1921 1310 2078 1347 earum,

452 1381 532 1423 pro
564 1381 704 1410 marca
737 1379 778 1410 et
810 1367 988 1411 fertone.
1022 1367 1141 1420 Quas
1173 1367 1262 1425 ipsa
1292 1367 1542 1424 Magdalena
1573 1382 1661 1410 non
1693 1380 1779 1411 tam
1817 1382 1895 1424 pro
1938 1367 2081 1424 pretio

455 1449 592 1494 tanto,
626 1453 750 1497 quam
781 1453 859 1495 pro
893 1439 1031 1482 anima
1064 1453 1263 1482 sororum
1295 1454 1464 1482 suarum
1496 1437 1652 1482 dimisit
1684 1437 1965 1491 redimendas,
1984 1438 2080 1496 quia
2144 1485 2146 1488 ,

458 1525 630 1554 sorores
662 1510 750 1553 eius
781 1509 1014 1567 praedictas
1046 1510 1215 1554 ancillas
1247 1509 1395 1553 liberas
1426 1510 1690 1568 reliquerant.

1077 1640 1154 1684 Nr·
1190 1642 1284 1697 365-
1318 1641 1454 1698 (354)

593 1711 792 1766 Joannes,
838 1710 947 1754 filius
993 1711 1255 1764 Absolonis,4
1303 1722 1563 1755 contestatus
1606 1724 1670 1755 est
1708 1724 1922 1765 oretenus,
1968 1711 2083 1770 quod

454 1781 711 1826 vendidisset
745 1781 955 1841 quendam
987 1782 1213 1839 fugitivum
1243 1781 1483 1826 libertinum
1527 1798 1666 1836 suum,
1695 1783 1869 1826 nomine
1916 1782 2083 1836 Sanam,

453 1852 587 1897 filium
620 1853 719 1911 Beg,
751 1853 868 1897 fratri
900 1868 977 1897 suo
1010 1853 1141 1897 Paulo
1173 1868 1251 1910 pro
1283 1869 1424 1898 marca
1456 1854 1610 1898 unica⁵
1641 1854 1794 1899 minus.

1075 1983 1151 2028 Nr-
1187 1985 1283 2040 366-
1317 1983 1458 2042 (355)

594 2054 727 2098 Vsian
780 2054 831 2098 de
880 2040 979 2098 villa
1029 2054 1212 2112 Pulgar⁶
1262 2054 1440 2112 litigavit
1488 2069 1636 2098 coram
1677 2053 1887 2107 Ladislao,
1924 2054 2082 2098 comite

454 2123 674 2169 Bachiensi
691 2137 734 2169 et
749 2125 885 2169 iudice
905 2125 1057 2180 curiae,
1075 2140 1171 2169 cum
1204 2125 1427 2169 Anthonio
1447 2125 1498 2170 de
1523 2125 1622 2168 villa
1644 2125 1746 2169 Bola
1765 2126 1779 2151 ⁷
1793 2140 1872 2183 pro
1895 2124 2082 2168 clandes-

589 2257 604 2305 ·¹
633 2257 895 2292 Monasteriurn
921 2258 1133 2303 Szentjzinos
1161 2257 1198 2292 in
1225 2268 1320 2292 com.
1347 2256 1464 2292 Bihar.
1492 2257 1606 2302 Supra
1633 2268 1684 2291 nr.
1716 2266 1792 2301 125,
1819 2256 1911 2291 infra
1928 2267 1980 2291 nr.
2003 2261 2081 2302 367.

593 2315 606 2335 ²
634 2316 766 2352 Recte:
794 2317 938 2363 hydrias
965 2318 1167 2352 cerevisiae.

596 2375 610 2395 ³
634 2376 675 2410 In
702 2376 862 2411 editione
887 2377 1050 2422 principe
1075 2376 1135 2410 hic
1161 2386 1312 2411 erronee
1338 2376 1468 2410 iterum
1493 2374 1696 2410 referuntur
1727 2386 1856 2410 voces:
1896 2384 2083 2408 «sororem

450 2435 603 2481 praefati
629 2435 858 2480 Augustini.»

594 2493 608 2513 4
634 2495 748 2541 Supra
774 2506 826 2529 nr.
857 2504 910 2539 15,
943 2494 1018 2540 356.

596 2552 609 2572 ⁵
635 2553 745 2588 Recte
772 2553 894 2588 forsan
922 2554 1084 2596 «uncia»,
1111 2553 1169 2588 ve]
1198 2554 1334 2588 omissa
1361 2562 1411 2588 est
1436 2564 1526 2588 vox:
1552 2553 1706 2588 fertone.

594 2611 607 2631 ⁶
634 2612 887 2658 Tisza-Polgzlr
913 2613 951 2648 in
978 2624 1072 2648 com.
1100 2612 1278 2647 Szabolcs.

596 2671 608 2693 ⁷
635 2672 748 2718 Supra
775 2683 828 2707 nr.
855 2682 936 2717 294.
