2170 3210
375 172 422 206 90

375 303 650 348 Csanadiensi
681 302 948 345 mentionem
990 302 1193 355 iniiciens,
1237 317 1334 345 nam
1382 301 1639 345 documenta
1673 317 1841 361 quoque
1885 301 2001 346 idem

375 375 585 419 evincunt.

515 446 565 488 In
597 443 783 489 secundo
816 443 1017 488 fasciculo
1050 455 1144 489 test.
1177 459 1236 488 nr.
1271 457 1501 502 240—243
1536 443 1616 503 (=
1645 443 1865 504 121—24)
1897 459 2002 488 cau-

374 532 464 561 sam
496 528 589 562 test.
622 531 682 560 nr.
716 530 803 573 240
837 514 969 574 (121)
1003 515 1174 559 Kolked
1205 531 1350 559 comes
1382 515 1547 559 curialis
1580 515 1844 569 Bihariensis,
1889 515 2003 559 illam

374 603 480 631 vero
513 598 608 633 test.
642 603 702 632 nr.
737 602 815 645 241
858 587 990 647 (122)
1023 586 1275 631 Benedictus
1316 587 1453 631 Banus
1487 586 1698 631 dirimunt.
1744 587 1843 641 Qua
1871 598 2001 645 pote-

373 670 480 703 state
531 659 600 703 hic
647 658 898 703 Benedictus
929 658 1111 702 iudicem
1156 658 1241 716 egit
1292 659 1336 702 in
1388 658 1460 702 lite
1512 659 1705 702 virorum
1742 659 2000 716 provinciae,

377 732 558 775 Banatus
605 731 779 775 nomine
828 731 1029 774 minimae
1074 730 1422 786 comprehensae,
1467 729 1650 774 declarat
1699 729 2003 774 documentum

377 803 473 846 anni
512 815 636 856 1221,
667 818 720 846 ex
753 817 837 861 quo
870 812 1042 859 apparet
1085 801 1197 845 hunc
1241 800 1530 855 Benedictum,
1568 815 1745 844 munere
1790 800 1890 844 Bani
1919 800 2004 845 iam

381 873 642 927 defunctum,
673 888 821 930 reapse
854 885 954 916 tunc
983 873 1187 917 vicarium
1219 873 1385 916 comitis
1418 872 1584 916 curialis
1607 873 1716 930 regis
1734 872 1862 915 fuisse
1883 872 2003 916 vice-

380 961 462 1004 que
494 946 584 989 eius
616 945 748 988 totius
780 945 900 1001 regni
932 944 1128 988 homines
1160 943 1343 988 iudicare
1376 945 1578 1001 potuisse.
1611 944 1725 997 Quia
1757 958 1862 986 vero
1893 958 2004 987 con-

375 1028 472 1070 stat,
502 1015 761 1060 Kolkedium
794 1031 904 1059 anno
943 1029 1052 1072 1219
1085 1030 1238 1059 munus
1271 1031 1394 1059 suum
1426 1015 1635 1072 accepisse
1669 1026 1713 1058 et
1743 1029 1855 1058 anno
1893 1027 2004 1058 1220

376 1087 549 1141 finiisse,
580 1087 856 1131 Benedictum
888 1099 1031 1130 autem
1075 1087 1243 1130 muneri
1286 1102 1364 1130 suo
1407 1085 1542 1130 adhuc
1588 1085 1832 1143 praefuisse,
1864 1085 2004 1129 solum

377 1159 476 1203 anni
512 1172 622 1203 1220
655 1158 790 1217 aliqua
834 1173 928 1215 pars
973 1157 1112 1211 fuerit,
1156 1158 1200 1201 in
1244 1173 1326 1216 qua
1372 1157 1497 1201 ambo
1545 1157 1803 1201 iusdicebant
1849 1156 2005 1200 eodem

377 1244 573 1288 tempore
607 1230 790 1288 quidem,
822 1229 898 1274 sed
929 1230 1033 1272 aliae
1067 1241 1191 1288 atque
1225 1229 1328 1272 aliae
1361 1229 1488 1272 sortis
1520 1227 1777 1273 hominibus.

519 1301 755 1345 Fasciculus
787 1302 935 1345 tertius
956 1312 1052 1345 test.
1078 1316 1140 1345 nr.
1166 1314 1397 1358 244—253
1423 1299 1501 1359 (=
1530 1298 1723 1358 50—59)
1755 1315 1867 1343 anno
1894 1312 2002 1355 1219

377 1373 503 1418 tribui
533 1372 692 1431 nequit,
723 1388 821 1416 nam
853 1387 906 1416 eo
939 1387 1050 1416 anno
1083 1371 1324 1415 Alexander
1363 1386 1590 1428 personam
1623 1371 1791 1415 comitis
1824 1370 2004 1414 Szabol-

378 1445 550 1489 csiensis
583 1443 789 1497 sustinuit,
819 1444 862 1486 in
894 1455 988 1487 test.
1022 1454 1165 1487 autem
1197 1443 1321 1487 huius
1353 1442 1537 1487 fasciculi
1576 1458 1636 1488 nr.
1669 1456 1753 1499 247
1787 1441 1834 1501 (5
1844 1441 1890 1501 3)
1921 1442 2005 1484 iam

376 1516 616 1574 Stephanus
650 1530 796 1558 comes
828 1514 1152 1559 Szabolcsiensis
1202 1514 1396 1559 occurrit.
1444 1513 1527 1557 Sed
1572 1529 1711 1572 neque
1744 1529 1855 1557 anno
1894 1526 1999 1556 1221

381 1588 449 1632 hic
487 1586 707 1631 fasciculus
740 1587 917 1643 scriptus
950 1597 1027 1639 est,
1060 1587 1156 1646 quia
1188 1597 1287 1629 tunc
1320 1586 1403 1629 iam
1435 1585 1676 1638 Mauricius,
1697 1584 1872 1628 nomine
1894 1599 2004 1641 gen-

382 1659 520 1710 tilitio,
555 1659 662 1715 Pok,
694 1658 897 1702 vicarium
930 1657 1108 1700 Palatini
1141 1658 1240 1714 egit,
1284 1657 1326 1700 in
1359 1672 1482 1700 causa
1513 1667 1654 1700 autem
1700 1667 1794 1699 test.
1827 1671 1885 1700 nr.
1920 1655 2005 1712 248

377 1729 480 1790 (54)
513 1731 636 1773 huius
669 1730 854 1773 fasciculi
897 1728 985 1772 File
1018 1728 1150 1788 (Fila)
1184 1728 1300 1772 velut
1333 1728 1511 1771 vicarius
1533 1727 1710 1770 Palatini
1753 1727 2005 1770 sententiam

380 1801 474 1846 fert.
507 1801 774 1859 Subsequens
807 1801 934 1843 etiam
967 1799 1188 1843 fasciculus
1210 1811 1352 1842 sextus
1374 1799 1498 1842 huius
1518 1799 1615 1842 anni
1639 1811 1751 1842 1220
1773 1798 2006 1842 dubitatio-

379 1887 478 1916 nem
518 1872 640 1925 tollit,
672 1872 835 1915 File-m
874 1887 985 1915 anno
1040 1885 1149 1914 1220
1195 1871 1330 1914 vicem
1378 1869 1554 1913 Palatini
1603 1869 1796 1926 gessisse.
1827 1868 2006 1913 Accedit

382 1943 481 1986 huic
514 1946 620 1986 ratio
656 1957 782 1999 parva
814 1943 997 2001 quidem,
1030 1942 1106 1985 secl
1136 1942 1232 1985 ideo
1263 1944 1351 1985 hon
1382 1940 1646 1998 negligenda,
1675 1941 1718 1984 in
1749 1941 1882 1984 causis
1910 1950 2006 1983 test.

382 2029 443 2059 nr.
475 2027 562 2071 244
593 2013 696 2073 (50)
729 2026 771 2057 et
805 2027 886 2071 245
922 2012 1026 2072 (51)
1059 2024 1337 2057 executorem
1360 2028 1382 2055 a
1402 2011 1584 2056 Nicolao
1617 2011 1800 2069 palatino
1832 2010 2008 2054 missum

381 2074 649 2141 Csepan-uni
685 2083 1005 2144 (Stephanum),
1035 2084 1133 2127 villa
1163 2083 1334 2140 Ladany
1374 2094 1532 2136 ortum,
1562 2082 1705 2135 fuisse,
1736 2096 1832 2125 cum
1866 2092 2009 2124 tamen

381 2171 494 2200 anno
524 2169 629 2199 1221
666 2155 787 2212 plane
827 2155 1018 2199 diversos
1051 2166 1302 2199 executores
1342 2154 1391 2197 ab
1423 2153 1577 2198 eodem
1610 2152 1790 2210 palatino
1826 2152 2005 2195 Varadi-

380 2242 482 2270 num
521 2226 737 2283 ablegatos
771 2226 1016 2271 videbimus

525 2297 776 2354 Scrupulum
809 2308 952 2341 tamen
986 2297 1077 2341 fors
1109 2296 1321 2341 nonnullis
1352 2296 1522 2348 iniiciet,
1559 2295 1594 2338 si
1624 2294 1770 2337 vident
1811 2295 1854 2337 in
1886 2309 2009 2337 causa

386 2380 480 2412 test.
515 2384 574 2412 nr.
609 2369 693 2425 248
726 2367 828 2427 (54)
864 2367 1126 2425 praedictum
1158 2367 1333 2420 File-m,
1371 2367 1414 2410 in
1446 2381 1568 2409 causa
1614 2377 1757 2409 autem
1788 2379 1872 2422 249
1906 2364 2008 2424 (55)

382 2439 466 2482 iam
507 2439 634 2482 alium
678 2439 852 2482 nomine
896 2440 1027 2483 Petos
1075 2438 1249 2498 (Petus)
1293 2438 1496 2481 vicarium
1547 2436 1716 2494 palatini
1759 2452 1897 2494 agere.
1941 2434 2009 2478 Ad

383 2509 651 2553 evellendum
683 2510 794 2554 hunc
826 2510 1066 2567 scrupulum
1109 2509 1289 2553 sufficiet
1320 2519 1503 2561 notasse,
1544 2523 1597 2551 eo
1635 2519 1843 2564 tempore,
1883 2517 2009 2563 prout

383 2596 436 2624 ex
468 2580 712 2638 diplomate,
760 2580 919 2624 «bullae
961 2596 1138 2625 aureae»
1174 2580 1348 2624 nomine
1396 2579 1579 2631 famoso,
1610 2589 1739 2635 patet,
1782 2577 2009 2634 palatinum

381 2651 621 2705 Nicolaum,
664 2651 798 2695 filium
843 2652 983 2704 Bacm,
1028 2652 1135 2695 duos
1188 2651 1264 2694 sibi
1305 2650 1486 2693 vicarios
1531 2649 1813 2701 constituisse,
1859 2647 2008 2691 saltem
