2170 3210
1750 167 1793 202 95

150 273 329 354 simplex
380 295 636 354 significatio
688 322 747 328 —-
797 296 888 341 Viri
940 295 983 339 in
1027 296 1295 354 amplissimis
1340 297 1614 356 dignitatibus
1658 298 1800 352 locati,

149 379 277 428 atque
309 367 395 412 hoc
425 368 470 412 in
501 367 703 413 fasciculo
734 368 964 412 memorati
995 379 1146 426 utpote
1177 368 1383 413 Nicolaus
1425 370 1634 427 palatinus
1678 369 1797 430 (test.

148 455 211 487 nr.
246 454 342 499 313.
377 444 480 499 314)
511 440 666 485 Paulus
698 439 894 499 Vajvoda
926 441 1038 497 (test.
1072 455 1134 486 nr.
1177 439 1286 500 311)
1319 440 1458 498 Gyula
1490 441 1617 500 (Kan)
1650 457 1799 487 comes

149 512 315 557 curialis
347 512 536 571 Reginae
569 513 683 571 (test.
714 527 775 558 nr.
812 511 914 571 312)
945 512 1058 556 Posa
1089 512 1204 570 prius
1247 513 1383 556 Banus
1429 513 1542 571 (test.
1588 529 1650 558 nr.
1698 515 1800 573 316)

151 584 384 630 Mauricius
434 585 616 629 vicarius
668 584 840 642 palatini
883 586 996 641 (test.
1043 599 1104 629 nr.
1152 585 1250 642 318,
1300 599 1398 643 321,
1448 587 1548 644 322)
1601 586 1798 631 Thomas

149 655 386 714 Episcopus
435 656 657 715 Agriensis
701 656 816 715 (test.
862 671 924 701 nr.
972 656 1074 715 316)
1118 656 1405 714 pulcherrime
1450 657 1719 716 magistratui
1763 675 1798 704 a.

154 741 261 773 1221
299 744 323 773 e
367 727 665 786 diplomatibus
710 739 833 773 eruto
878 727 1156 784 concordant,
1202 729 1290 773 imo
1337 729 1479 773 solum
1526 731 1651 775 huius
1701 731 1800 775 anni

151 800 431 846 concordant.

292 871 534 917 Dicendum
564 871 686 916 nobis
719 871 856 915 adhuc
888 883 1032 926 restat,
1064 888 1194 931 quare
1227 873 1476 917 testimonia
1508 874 1633 918 huius
1667 875 1796 919 fasci-

149 945 231 989 culi
264 944 317 989 ad
349 943 482 989 finem
514 944 612 989 anni
649 956 754 988 1221
794 943 1130 988 collocavimus?
1162 945 1212 988 In
1251 960 1348 989 eam
1392 946 1650 990 sententiam
1698 958 1796 991 test.

146 1033 210 1064 nr.
244 1030 328 1075 312
362 1016 535 1062 adduxit
565 1032 657 1061 nos.
691 1017 790 1060 Hoc
822 1017 938 1061 enim
969 1017 1150 1062 Paulum
1176 1017 1420 1075 Vajvodam
1440 1034 1591 1063 causae
1613 1018 1798 1062 iudicem

148 1089 342 1148 appellat,
374 1104 473 1134 cum
505 1100 650 1133 tamen
681 1088 952 1133 documentis
985 1088 1304 1148 indigitantibus
1336 1091 1490 1134 maiori
1534 1101 1655 1148 parte
1700 1091 1799 1134 anni

151 1175 258 1206 1221
295 1161 394 1205 huic
425 1160 687 1219 amplissimo
718 1162 888 1205 muneri
918 1160 1057 1206 adhuc
1089 1162 1246 1208 Neuka
1277 1174 1483 1220 praeerat.
1528 1162 1644 1207 Sicut
1690 1178 1796 1220 ergo

145 1234 300 1278 Paulus
331 1233 457 1293 (filius
489 1232 622 1291 Petri)
653 1233 763 1277 circa
795 1232 926 1277 finem
958 1249 992 1277 a.
1052 1247 1158 1277 1221
1196 1234 1248 1279 ad
1281 1234 1532 1293 dignitatem
1577 1234 1798 1292 Vajvodae

147 1305 456 1364 Transsylvani
487 1305 696 1363 pervenit,
728 1305 951 1350 fasciculus
985 1321 1171 1365 quoque,
1203 1307 1275 1365 qui
1307 1322 1407 1351 eum
1438 1311 1524 1352 iam
1544 1306 1796 1365 fungentem

148 1393 328 1423 munere
361 1393 440 1422 suo
474 1377 668 1436 appellat,
700 1378 810 1422 circa
842 1378 975 1422 finem
1008 1394 1044 1422 a.
1085 1392 1191 1423 1221
1230 1379 1496 1437 conscriptus
1532 1390 1610 1424 est.
1628 1379 1692 1423 Eo
1714 1379 1799 1422 iam

145 1450 325 1495 lucidius
358 1461 547 1508 apparet,
579 1449 803 1494 decretum
834 1465 914 1507 pro
938 1450 1209 1494 restituendis
1228 1451 1352 1496 terris
1373 1463 1613 1496 castrorum
1636 1450 1799 1495 editum

146 1534 273 1582 atque
319 1521 460 1566 solum
498 1537 522 1566 e
566 1533 763 1579 regestro
808 1521 1090 1566 Varadinensi
1122 1534 1289 1578 notum,
1333 1539 1465 1581 porro
1511 1523 1610 1568 hinc
1642 1534 1800 1575 secuta,

145 1595 372 1654 litibusque
417 1595 460 1639 in
505 1594 588 1638 hoc
633 1593 834 1638 fasciculo
880 1594 1029 1652 quinto
1086 1594 1250 1639 abunde
1299 1607 1342 1639 et
1379 1595 1561 1640 vividius
1594 1594 1800 1639 illustrata

145 1667 318 1712 vexatio
372 1666 579 1711 nobilium
638 1678 902 1725 quantopere
965 1666 1017 1710 ad
1060 1666 1306 1711 condendas
1357 1668 1475 1726 leges
1531 1667 1575 1711 in
1621 1667 1796 1711 decreto

146 1740 363 1798 sequentis
395 1739 507 1793 anni,
546 1739 614 1783 cui
646 1754 670 1782 a
711 1738 849 1796 sigillo
894 1738 1040 1783 Bullae
1080 1755 1230 1783 aureae
1272 1754 1447 1792 nomen,
1489 1750 1711 1784 contentas
1756 1751 1799 1783 et

146 1811 396 1869 praesertim
428 1811 481 1855 ad
513 1809 860 1855 constituendum
893 1810 1117 1855 articulum
1148 1812 1286 1858 XVII.
1318 1812 1485 1856 animos
1517 1811 1746 1870 impulisse.

290 1979 608 2032 Testimonia
655 1997 727 2030 nr.
787 1996 1065 2048 323——344
1117 1980 1442 2048 (323—326,
1502 1997 1799 2049 327—33o‚

151 2081 447 2134 331—337‚
494 2063 771 2132 338—344
810 2085 866 2098 =
912 2066 1131 2132 35—38‚
1173 2066 1469 2133 228—231,
1500 2081 1799 2132 201—207‚

149 2151 452 2217 245—251)
491 2147 670 2215 scripta
708 2165 751 2200 a.
800 2165 950 2201 1222.

291 2242 466 2287 Elenchi
510 2243 781 2301 optimatum,
813 2258 1007 2287 summos
1039 2243 1231 2288 honores
1270 2244 1569 2297 obtinentium,
1622 2243 1665 2286 in
1710 2241 1795 2286 fine

149 2314 514 2359 documentorum
546 2326 651 2359 nota
683 2315 892 2372 temporis
926 2314 1191 2372 signatorum
1221 2315 1419 2373 descripti
1442 2326 1588 2373 aperte
1611 2313 1797 2358 demon-

146 2397 295 2440 strant,
347 2402 459 2431 anno
512 2400 621 2431 1222
674 2402 741 2430 res
787 2386 947 2444 patriae
1000 2402 1175 2445 magnas
1221 2387 1533 2432 vicissitudines
1579 2386 1797 2430 subivisse.

148 2459 310 2504 Saltem
341 2471 460 2504 terna
492 2460 585 2505 vice
618 2460 812 2504 alternati
844 2471 942 2503 sunt
974 2460 1132 2504 summi
1163 2461 1448 2518 magistram,
1480 2475 1568 2512 seu,
1600 2469 1645 2502 ut
1668 2457 1797 2501 hodie

148 2531 400 2585 diceremus,
430 2532 511 2575 viri
543 2532 746 2590 gubernii.
778 2558 837 2564 -
870 2531 1005 2588 Ipsius
1038 2532 1168 2585 Bank‚
1211 2532 1421 2590 superiori
1465 2546 1578 2575 anno
1625 2529 1795 2573 comitis

147 2603 314 2648 curialis
346 2603 488 2662 Regis,
519 2603 658 2648 officia
692 2620 726 2649 a.
766 2617 877 2647 1222
912 2615 1046 2661 gesta,
1078 2603 1349 2648 documentis
1382 2602 1678 2655 indicantibus,
1709 2601 1795 2647 hoc

148 2675 299 2720 ordine
331 2691 376 2720 se
409 2676 590 2720 invicem
625 2688 907 2734 exceperunt:
940 2676 1062 2720 initio
1095 2677 1194 2720 anni
1216 2676 1294 2720 fuit
1317 2692 1462 2721 comes
1490 2674 1659 2719 curialis
1682 2675 1796 2731 regis
