2170 3210
270 238 377 302 suc,
434 238 608 292 socero
664 236 894 290 videlicet
951 235 1173 290 eiusdem
1236 236 1361 289 serui
1411 236 1625 289 nomine
1678 235 1833 297 Crust,

271 345 385 380 cum
433 344 588 380 vxore
636 325 718 379 sua
765 326 935 388 Moxa,
991 327 1040 379 &
1096 323 1198 378 filio
1256 324 1471 395 Chegza.
1528 325 1606 378 De
1657 325 1834 396 quibus

270 415 468 470 duobus
524 415 732 468 habetur
791 415 842 467 in
903 413 1281 486 precedentibus
1343 414 1547 484 scriptiS,
1608 414 1660 468 in
1716 427 1833 468 tan-

266 517 369 558 tam
426 517 592 558 autem
643 504 922 558 libertatem
972 502 1083 557 sunt
1132 503 1392 572 redempti,
1443 503 1583 572 quod
1631 516 1735 557 tam
1782 504 1832 573 ip

266 594 302 648 fi
348 612 496 664 quam
548 594 715 647 omnis
764 594 1022 663 generatio
1074 593 1134 646 ab
1187 592 1371 647 eisdem
1421 593 1700 656 succeffnm,
1749 593 1832 646 vbi

266 701 432 752 cumq;
468 682 662 745 vellent,
700 682 932 736 manendi
970 681 1043 736 fas
1082 682 1307 735 habeant.

194 791 245 818 ¹²⁹
334 772 579 827 Ladissaus
634 790 805 826 comes
856 771 917 824 de
975 771 1150 833 Baach‚
1213 771 1264 824 ἃ
1323 770 1479 823 Iudex
1541 773 1684 839 curie,
1745 789 1831 842 per

263 864 368 915 suas
428 863 576 915 nobis
631 861 792 914 literas
848 861 1106 922 intimauit,
1170 860 1269 930 qud
1330 861 1488 913 Lucas
1540 862 1830 916 ministeria-

261 949 318 1003 lis
355 950 567 1017 Ecclefie
625 952 685 1003 de
737 949 925 1004 Curud:
987 962 1236 1003 teneretur
1296 967 1390 1019 pro
1442 949 1609 1019 quoda
1654 950 1828 1004 nomi-

261 1057 324 1092 ne
378 1040 570 1109 Deguz,
625 1038 816 1093 soluere
866 1038 1098 1092 Varadini
1147 1039 1198 1092 in
1249 1037 1373 1095 festo
1424 1040 1574 1092 sancti
1629 1040 1828 1093 Micha-

261 1127 346 1181 elis
392 1129 559 1191 Iacou,
616 1131 666 1183 ἃ
721 1129 897 1183 Ioanni
946 1128 1358 1198 quattuordecem
1407 1147 1611 1191 marcas,
1662 1129 1712 1182 &
1766 1129 1827 1181 de

261 1235 374 1271 cem
411 1219 460 1272 &
503 1222 692 1288 septem
741 1218 942 1287 podera,
993 1218 1043 1271 &
1089 1218 1300 1287 acceptis
1349 1218 1553 1270 tandem
1602 1217 1707 1280 illis,
1746 1217 1826 1271 id-

261 1324 344 1360 em
392 1308 541 1360 Iacou
590 1309 640 1361 δε
694 1307 921 1368 Ioannes,
972 1307 1212 1360 haberent
1260 1306 1339 1360 Ius
1390 1307 1663 1376 requirendi
1719 1307 1822 1361 ser-

258 1413 354 1449 uos
391 1397 522 1452 suos,
585 1396 841 1463 Predictus
879 1396 993 1465 itaq;
1044 1396 1202 1449 Lucas
1246 1396 1297 1450 in
1340 1396 1566 1465 predicto
1613 1396 1739 1452 festo
1777 1399 1827 1451 &

257 1484 374 1539 loco
430 1485 663 1555 persoluit
723 1485 956 1554 predictis
1018 1486 1169 1538 Iacou
1225 1487 1274 1540 ἃ
1339 1487 1515 1540 Ioanni
1574 1487 1824 1541 summam

257 1575 478 1644 predicte
538 1577 772 1645 pecuniae,
828 1575 981 1629 nobis
1047 1575 1362 1644 presentibus
1425 1577 1475 1630 &
1537 1575 1823 1631 Sebastiano

258 1663 319 1716 de
356 1663 466 1717 villa
500 1664 647 1727 Baba,
685 1664 911 1734 pristaldo
950 1665 1096 1718 huius
1135 1665 1287 1731 cause.

189 1776 241 1803 1³0
329 1753 550 1806 Domina
627 1754 939 1822 Margaretha
1027 1771 1152 1806 vxor
1239 1754 1497 1823 quondam
1582 1755 1822 1808 Torcun-

258 1859 314 1893 ca
369 1842 584 1905 comitis,
646 1842 836 1896 habens
884 1847 1011 1896 terra
1073 1843 1370 1909 hereditaria
1432 1844 1637 1897 nomine
1695 1843 1821 1897 Gili-

258 1948 382 1983 anus
445 1948 505 1983 ex
567 1932 840 1984 donatione
901 1931 1047 2001 patris
1109 1932 1228 1994 eiuS,
1289 1931 1539 1995 Videliczt,
1601 1933 1821 2001 Forcafij,

257 2021 306 2073 &
349 2018 555 2073 fratrum
606 2021 811 2074 suorum
862 2021 896 2075 s.
935 2021 1135 2075 Ioannis
1186 2023 1234 2076 &
1283 2021 1433 2084 Pauli,
1483 2035 1690 2076 mortuo
1729 2042 1820 2091 pa-

255 2121 328 2161 tre
384 2113 470 2163 suo
526 2111 575 2163 δε
621 2111 800 2162 marito
862 2109 1153 2163 inconsultis
1216 2110 1440 2164 fratribus
1496 2112 1593 2166 suis
1656 2112 1820 2165 dona-

254 2198 326 2250 uit
382 2198 559 2252 eidem
609 2211 789 2251 terram
847 2197 1098 2253 cruciferis
1165 2198 1317 2253 sancti
1366 2200 1566 2254 Ioannis
1627 2200 1819 2270 Baptis-

190 2294 192 2297 ’
254 2298 319 2349 te,
369 2286 539 2340 fratres
590 2300 759 2340 autem
798 2288 901 2340 eius
938 2289 1157 2357 predicti,
1203 2289 1413 2343 duxerfit
1464 2308 1573 2342 eam
1622 2291 1671 2343 in
1730 2309 1819 2343 cau

254 2374 357 2428 sam
406 2388 517 2429 ante
580 2395 753 2446 regem
803 2376 1073 2443 Andream‚
1133 2377 1368 2441 dicenteS,
1431 2397 1539 2432 non
1582 2379 1725 2431 licere
1777 2380 1819 2432 ei

257 2482 465 2534 quoquo
515 2466 675 2519 modo
726 2465 931 2519 alienare
993 2471 1120 2521 terra
1181 2467 1314 2520 illam
1379 2468 1496 2530 aliis,
1562 2487 1677 2521 cum
1732 2469 1818 2538 ipfi

256 2553 347 2606 fint
397 2556 675 2608 cometanei
725 2556 774 2608 &
822 2553 919 2624 ipsa
964 2568 1091 2608 terra
1140 2557 1196 2609 fit
1246 2558 1313 2609 eis
1365 2557 1663 2623 hereditaria.
1715 2558 1818 2613 Rex

1220 2647 1259 2698 F
1365 2664 1381 2710 3
