2170 3210
169 343 342 380 amen:
405 323 648 376 Sacerdos
710 323 955 378 scribebat
1022 324 1171 377 verba
1231 324 1563 388 adiurationis,
1631 327 1731 379 s1ue

167 414 314 470 verba
368 413 575 466 Domini
628 413 680 465 in
735 412 981 474 schedam,
1042 414 1092 466 &
1153 413 1380 466 mittebat
1440 414 1491 467 in
1551 416 1730 483 aquam

167 506 402 564 sanctam,
440 519 590 571 quam
629 519 689 554 ex
725 500 862 554 labro
906 501 956 554 in
1003 520 1088 554 vas
1138 501 1288 555 fictile
1338 515 1589 572 acceperat
1617 503 1730 556 de-

166 593 272 648 lens
326 588 619 661 scripturam
668 590 820 660 ipsam
868 608 957 659 per
1006 595 1157 660 aqua:
1214 592 1263 644 &
1318 587 1461 645 simul
1508 592 1731 656 sumebat

167 683 231 735 de
268 675 472 751 puluere
521 678 799 741 tabernacli,
849 680 898 733 &
945 675 1167 748 ponebat
1217 680 1268 732 in
1315 678 1419 733 illas
1467 697 1630 750 aquas,
1679 679 1730 735 in

167 764 376 825 hororre
395 767 592 839 poculi,
643 787 738 821 vna
788 785 904 820 cum
953 767 1055 835 alijs
1105 768 1252 821 rebus
1301 771 1493 831 amaris,
1539 772 1589 824 ἃ
1637 788 1731 840 por

166 860 357 930 rigebat
412 875 594 927 aquam
654 856 789 910 illam
852 858 1069 910 amaram
1132 859 1182 911 δι
1236 856 1556 912 maledictam
1609 874 1730 912 mu*

166 949 270 1002 lieri
327 946 394 1001 illi
454 946 762 1000 ebibendam.
822 946 874 999 Si
926 946 1040 1016 itaq;
1096 945 1278 999 mulier·
1333 946 1427 1013 ina,
1489 949 1730 1003 innocens

166 1037 271 1100 fuit,
318 1029 459 1106 'aqua
511 1034 590 1088 illa
644 1034 764 1088 nihil
819 1031 1045 1097 nocebat,
1102 1034 1187 1090 sed
1247 1037 1416 1106 potius
1472 1037 1729 1106 proderat:

165 1128 298 1181 Nam
353 1144 381 1178 a
434 1125 612 1177 marito
670 1126 873 1194 cognita
928 1124 1269 1194 concipiebat:
1326 1127 1376 1179 &
1425 1143 1487 1178 ex
1536 1126 1731 1180 infirma

163 1215 320 1269 valida
355 1214 532 1269 fiebat:
571 1213 657 1266 Sin
694 1231 814 1267 vero
851 1218 1020 1276 noceS,
1070 1210 1196 1267 mox
1231 1227 1283 1267 vt
1320 1215 1551 1279 ebiberat,
1600 1233 1730 1269 ven-

164 1318 240 1359 ter
293 1302 662 1364 intumescebat,
717 1304 767 1356 &
821 1301 985 1355 femur
1039 1303 1362 1372 putrescebat,
1418 1305 1468 1358 &
1521 1305 1729 1358 moreba

164 1408 257 1457 tur,
291 1405 346 1445 vt
381 1392 562 1458 Hebrei
598 1390 778 1444 volunt
813 1409 911 1444 vna
949 1409 1067 1444 cum
1104 1389 1339 1446 adultero.

238 1482 371 1536 Cum
425 1482 537 1550 itaq;
587 1481 885 1534 caeremonia
936 1476 1207 1535 Candentis
1257 1480 1383 1543 ferri,
1434 1481 1600 1535 fimilis
1647 1481 1730 1535 fue

167 1573 228 1626 rit
295 1570 608 1624 caeremoniae
676 1570 984 1639 purgationis
1052 1569 1305 1640 Zelotipiae
1372 1569 1508 1624 facile
1574 1590 1730 1641 appa-

165 1673 240 1714 ret
277 1660 429 1713 ritum
465 1658 600 1711 hunc
637 1676 698 1710 ex
737 1657 823 1711 illo
866 1658 1064 1720 fluxisse,
1114 1661 1164 1713 ἃ
1212 1678 1240 1711 a
1288 1661 1466 1715 nostris
1514 1660 1728 1714 maiori—

165 1750 260 1803 bus
315 1747 378 1802 ad
433 1743 699 1802 dirimedas
755 1749 1117 1802 controuersias
1174 1766 1290 1801 cum
1346 1749 1547 1803 summo
1602 1750 1730 1802 timo

166 1858 217 1892 re
271 1839 322 1892 &
376 1836 530 1890 diuini
565 1830 801 1889 ‘nominis
850 1838 1121 1890 reuerentia
1168 1838 1399 1907 vsurpatsi
1449 1838 1567 1892 effe:
1616 1837 1730 1892 effi-

165 1919 383 1996 cacemq;
438 1924 578 1979 fuiffe
630 1926 763 1978 iuxta
812 1925 918 1978 haec
968 1927 1259 1988 testimonia,
1309 1928 1379 1980 116
1428 1927 1599 1980 minus
1649 1939 1729 1996 atq

166 2016 304 2078 olim,
340 2014 472 2068 illam
503 2013 752 2083 Zelotipiae
789 2015 1138 2083 purgationem
1177 2014 1410 2070 diuinitus
1447 2016 1501 2069 in
1539 2015 1728 2085 populo

165 2106 261 2159 Dei
295 2104 575 2160 institutam.

235 2194 304 2248 At
358 2193 394 2247 fi
454 2193 561 2262 quis
622 2191 830 2260 obiiciat,
892 2192 993 2245 hoc
1054 2193 1282 2249 medium
1343 2193 1729 2247 dirimendarum

165 2282 616 2336 controuerfiarum
672 2281 839 2333 minus
886 2279 1085 2333 ‘licitum
1142 2280 1302 2335 fuiffe:
1361 2299 1424 2335 eo
1481 2282 1618 2351 quod
1674 2296 1728 2335 vt

166 2370 377 2441 Epistola
438 2370 499 2423 ad
566 2370 693 2423 Heb.
765 2388 832 2422 ca.
909 2372 953 2422 6.
1022 2373 1236 2432 testatur,
1305 2370 1366 2423 ad
1433 2370 1729 2425 dirimendas

166 2460 524 2513 controuersias
580 2458 812 2511 diuinitus
862 2476 966 2512 non
1021 2459 1239 2528 ignitum
1293 2458 1481 2512 ferrum
1537 2461 1623 2514 s1t1
1646 2462 1728 2513 in-

163 2548 388 2604 stitutum
448 2549 498 2602 &
556 2548 897 2617 propositum:
966 2548 1051 2602 sed
1118 2548 1201 2600 vbi
1269 2551 1414 2604 testes
1476 2548 1727 2610 deficiunt,

164 2637 510 2698 iufiurandum,
564 2637 615 2689 in
671 2655 774 2706 quo
829 2636 1083 2690 Dominus
1139 2637 1277 2691 Deus
1328 2642 1424 2706 que
1479 2637 1598 2691 nihil
1652 2637 1727 2690 lfa-

164 2738 234 2778 tet
287 2726 339 2778 in
393 2725 701 2780 testimoium
751 2725 1033 2777 adducitur:
1082 2725 1127 2778 Is
1175 2725 1324 2778 velim
1375 2727 1575 2795 cogitet,
1626 2727 1727 2796 pri-
