2170 3210
462 158 530 192 214

463 290 620 333 comite
662 289 935 341 Bichoriensi‚
970 289 1112 334 dicens
1143 290 1251 344 illos,
1283 290 1398 349 quod
1430 291 1494 335 sui
1523 293 1626 336 iuris
1673 305 1824 338 essent.
1867 293 1900 336 E
1944 305 2093 338 contra

460 360 671 417 praefatus
704 360 828 404 abbas
861 361 1049 415 asseruit,
1081 361 1197 420 quod
1229 362 1435 406 eosdem²
1471 378 1596 407 soror
1631 364 1761 420 ipsius
1805 363 1894 420 Sol,
1915 367 2092 410 nomine

462 432 585 486 Sebe,
618 431 693 475 sub
725 432 797 475 tali
829 432 953 475 titulo
987 432 1190 477 ecclesiae
1214 434 1426 477 Gabrieli2
1450 433 1689 488 dimisisset,
1709 446 1756 478 ut
1777 450 1885 479 unus
1905 435 2089 491 illorum,

461 504 635 547 nomine
687 502 869 556 Choloz,
918 504 1096 547 serviret
1147 504 1349 548 ecclesiae
1399 504 1542 548 Sancti
1591 505 1826 561 Michaelis,
1877 507 2091 552 annuatim

462 590 559 618 cum
591 574 809 632 sexaginta
838 574 1027 631 panibus,
1058 591 1144 619 uno
1178 575 1288 619 boue
1311 577 1477 629 trienni,
1505 575 1638 621 tribus
1655 577 1882 629 anseribus,
1904 578 2092 637 quinque

461 645 638 699 gallinis,
670 657 713 689 et
744 660 819 689 sex
851 646 1012 690 cubulis
1044 646 1285 699 cereuisiae,
1316 658 1441 703 atque
1474 646 1655 691 denariis
1699 647 1752 691 ad
1795 659 1881 693 tres
1927 650 2093 700 missas,

461 728 503 760 et
536 716 642 760 duae
674 716 886 771 mulieres,
901 717 1060 761 scilicet
1092 717 1226 775 Scepa
1248 729 1290 762 et
1312 717 1512 775 Vederey
1545 730 1687 762 essent
1707 719 1878 763 lotrices
1900 720 2091 764 eiusdem

463 788 680 842 ecclesiae,
725 787 895 847 duoque
935 789 1026 842 viri,
1068 788 1244 832 scilicet:
1284 788 1419 842 Sekur
1458 801 1500 833 et
1531 790 1738 833 Lotomas
1769 790 1888 835 liberi
1919 790 2091 850 quidem

462 871 617 914 essent,
651 859 726 903 sed
756 859 958 917 legatarii.
991 860 1342 903 Praenominatus
1383 860 1524 918 itaque
1563 860 1701 914 iudex,
1742 861 1901 905 scilicet
1942 862 2091 907 Neuca

462 946 607 974 comes
629 931 770 989 posuit
791 930 899 974 hanc
921 946 1090 975 causam
1112 945 1237 988 super
1262 931 1548 975 iuramentum
1580 930 1727 975 decani
1770 932 1822 976 de
1854 932 2091 990 supradicta

461 1002 638 1047 ecclesia
669 1013 712 1046 et
744 1001 883 1045 fratris
915 1002 1035 1055 illius,
1058 1017 1184 1060 quem
1207 1002 1470 1046 aduersarius
1493 1003 1669 1060 eligeret
1691 1014 1734 1046 et
1751 1003 1804 1047 de
1826 1005 2091 1061 conprouin-

461 1073 630 1117 cialibus
677 1073 853 1116 testibus
898 1088 1023 1130 super
1061 1073 1346 1117 iuramentum
1375 1074 1551 1129 Joachin
1583 1073 1635 1118 de
1667 1074 1841 1118 Lazdu.3
1872 1075 1960 1129 Qui
1993 1091 2089 1119 cum

459 1145 591 1202 parati
629 1155 769 1188 essent
799 1145 936 1188 iurare
971 1159 1096 1201 super
1118 1144 1386 1202 sepulchrum
1408 1144 1549 1189 Sancti
1580 1145 1760 1189 Ladislai
1780 1146 1911 1204 Regis
1942 1162 2089 1190 coram

461 1217 591 1260 Paulo
637 1215 868 1269 sacerdote,
913 1231 1057 1259 coram
1089 1215 1258 1273 Tumpa
1303 1227 1345 1259 et
1377 1215 1534 1270 Sidrac,
1579 1215 1881 1262 archidiaconis
1914 1229 1956 1261 et
1990 1218 2092 1271 aliis,

461 1287 722 1344 supradictus
743 1287 815 1331 Sol
837 1286 1027 1330 adiurare
1061 1302 1135 1330 eos
1168 1287 1391 1340 recusauit,
1421 1299 1643 1344 praesente
1674 1277 1875 1345 pristaldo
1915 1289 2091 1333 nomine

460 1358 634 1402 Thoma
676 1358 764 1402 filio
809 1358 1009 1415 Stephani
1041 1358 1093 1401 de
1125 1358 1340 1402 territorio
1373 1359 1644 1402 Bichoriensi.

1090 1501 1164 1545 Nr.
1204 1504 1294 1557 167.
1329 1500 1467 1558 (210.)

602 1585 761 1627 Detusa
794 1584 845 1627 de
876 1584 974 1627 villa
1006 1584 1155 1627 Sarus4
1188 1584 1368 1640 impetiit
1415 1583 1698 1627 convillanum
1740 1599 1877 1636 suum,
1918 1584 2093 1628 nomine

459 1655 638 1708 Detreh,
669 1655 720 1699 de
752 1655 1048 1699 combustione
1080 1655 1234 1698 domus
1277 1670 1390 1710 suae,
1436 1666 1478 1698 et
1522 1655 1572 1698 de
1617 1655 1740 1700 furto.
1784 1655 1909 1708 Quos
1952 1655 2095 1708 Petur‚

460 1726 623 1770 curialis
656 1742 801 1770 comes
838 1727 1047 1784 Dionysii,
1078 1727 1218 1784 regiae
1250 1726 1484 1770 Maiestatis
1517 1726 1748 1782 camerarii,
1781 1742 1833 1770 ex
1863 1737 2091 1783 praecepto

461 1798 622 1841 domini
653 1798 717 1841 sui
748 1797 990 1850 discutiens,
1020 1798 1134 1841 misit
1166 1797 1425 1842 Varadinum
1457 1796 1510 1840 ad
1538 1796 1737 1840 iudicium
1757 1797 1856 1840 ferri
1878 1796 2094 1840 candentis

459 1883 535 1925 per
565 1868 811 1925 pristaldum
843 1867 1028 1912 Sidizlou
1060 1869 1246 1913 nomine.
1269 1868 1429 1911 Detreh
1450 1869 1603 1926 itaque,
1623 1879 1795 1924 portato
1816 1868 1930 1912 ferro
1952 1868 2091 1911 Vara-

461 1939 560 1991 dini,
591 1938 839 1983 iustificatus
872 1950 950 1993 est.

1086 2035 1161 2078 Nr.
1199 2034 1290 2078 168.
1323 2035 1397 2093 (21
1410 2033 1468 2093 1.)

601 2117 712 2174 Helg
734 2116 797 2172 *de
830 2118 1045 2161 territorio
1078 2117 1339 2161 Bichoriensi
1370 2117 1552 2174 impetiit
1594 2117 1768 2159 Petrum
1812 2127 1854 2159 et
1897 2116 2089 2168 Paulum,

454 2187 572 2234 filios
605 2188 716 2231 Both
747 2187 1079 2246 hodunogionis,
1111 2187 1268 2243 dicens,
1301 2187 1427 2246 quod,
1461 2202 1558 2231 cum
1604 2198 1782 2243 urgente
1826 2188 2093 2240 necessitate,

460 2258 513 2303 ad
543 2248 762 2316 praedium
792 2259 963 2302 illorum
994 2275 1091 2303 cum
1122 2259 1252 2302 tribus
1284 2259 1579 2302 libertinorum
1600 2256 1806 2314 capitibus
1829 2257 2091 2315 confugisset

461 2342 503 2374 et
534 2342 685 2387 postea
717 2342 909 2373 cessante
943 2329 1197 2374 adversitate
1216 2330 1268 2373 ad
1287 2341 1445 2373 terram
1467 2328 1649 2372 natalem
1672 2328 1808 2372 redire
1831 2328 2091 2385 disponeret,

604 2471 615 2492 ¹
642 2473 682 2507 In
710 2472 869 2507 editione
894 2473 1078 2518 principe:
1107 2473 1256 2508 eosdem
1282 2474 1388 2519 quod.

602 2531 616 2551 ²
642 2531 808 2566 Rectius:
836 2531 1025 2566 Gabrielis.

603 2591 616 2610 ³
642 2591 759 2634 Supra
785 2602 836 2624 nr.
864 2589 909 2633 64
935 2598 970 2625 et
1000 2600 1074 2634 104.

604 2649 619 2668 ⁴
645 2649 890 2695 Nagy-SAros.
918 2649 996 2685 Hoc
1022 2650 1200 2696 oppidum
1227 2661 1268 2684 ea
1295 2658 1409 2685 aetate
1435 2650 1637 2696 pertinebat
1663 2649 1707 2683 ad
1734 2649 1949 2683 comitatum
1966 2647 2088 2693 Ujvair.
