2170 3210
793 161 821 189 ,5

189 302 380 375 praefati
442 303 731 373 Augustini·
766 300 1010 356 consensu
1073 301 1408 371 Cumpurdini
1468 303 1540 356 &-
1580 300 1765 356 Gocho

188 391 279 447 lini
326 400 610 462 cognatorfi
666 391 862 445 domini
910 390 979 443 sui
1036 390 1248 443 redemit
1298 409 1326 443 a
1373 389 1561 460 prefata
1614 391 1767 460 Mag-

170 481 362 535 ‘dalena
410 481 616 534 domina
666 498 834 535 earum
884 497 978 550 pro
1028 497 1191 532 marca
1248 480 1298 534 &
1353 478 1565 533 fertone.
1621 481 1766 545 Quas

191 569 293 641 ipsa
352 569 646 640 Magdalena
705 587 812 623 non
872 581 977 622 tam
1038 586 1131 638 pro
1187 569 1348 638 pretio
1404 580 1560 631 tanto,
1616 587 1765 639 quam

140 677 142 680 ·
190 677 283 730 pro
363 661 528 714 anima
600 662 826 712 sororum
902 658 1100 712 suarum
1175 657 1360 711 dimifit
1433 658 1764 720 redimenda&

119 1307 169 1335 355

192 748 333 813 Quia
386 747 582 802 sorores
638 747 748 800 eius
802 746 1043 817 predietas
1099 746 1297 799 ancillas
1353 745 1530 800 liberas>
1583 746 1764 816 relique

191 850 313 893 rant.
604 841 606 843 ’

300 925 513 980 Ioannes
574 925 705 979 filius
767 924 1028 979 Absalonis
1084 927 1349 981 c5testatus
1396 927 1466 981 est
1514 937 1763 987 oretenus⁷

194 1034 228 1084 q
296 1014 598 1069 vendidiffet
671 1014 922 1084 quendam
995 1013 1264 1082 fugitiuum
1334 1013 1616 1069 libertinum
1682 1013 1765 1067 su-

191 1122 282 1158 um
331 1103 545 1158 nomine
595 1104 726 1158 Sana
774 1102 935 1156 filium
984 1103 1104 1173 Beg,
1155 1101 1292 1156 fratri
1334 1106 1422 1156 suo
1459 1102 1631 1166 Pau10,
1669 1122 1762 1174 pro

191 1188 370 1256 marca,
406 1193 549 1247 vnica
585 1194 764 1247 minus.

298 1282 446 1336 Vfian
502 1281 562 1335 de
617 1281 728 1335 villa
783 1281 977 1352 Pulgar‚
1032 1281 1245 1351 litigauit
1301 1298 1472 1335 coram
1543 1281 1763 1335 Ladissao

191 1371 379 1425 comite
439 1370 709 1434 Bachienfi,
771 1372 821 1425 ἃ.
880 1371 1044 1424 Iudice
1106 1371 1252 1437 curie,
1321 1389 1439 1423 cum
1498 1370 1763 1426 Anthonio

191 1460 253 1513 de
301 1459 425 1514 villa·
458 1459 596 1523 Bola,
658 1478 752 1530 pro
808 1459 1101 1516 clandestina
1157 1459 1471 1513 traduetione
1521 1459 1642 1515 serui
1693 1459 1765 1513 sui

191 1549 399 1603 nomine
454 1548 728 1612 MichaeliS‚
784 1551 834 1604 &
888 1548 1107 1603 duorum
1165 1566 1426 1619 equorum.
1482 1549 1643 1614 Quod
1704 1558 1764 1605 εὖ

190 1637 271 1691 ille
320 1638 552 1708 negass'et‚
602 1621 891 1692 nominatus
940 1637 1093 1692 Iudex
1148 1638 1277 1692 mifit
1325 1655 1415 1691 eos
1469 1656 1557 1708 per
1609 1639 1765 1708 pristal

187 1727 315 1781 'dum
382 1728 590 1781 nomine
659 1726 940 1780 Gabrielem
1009 1728 1070 1780 de
1130 1726 1240 1779 villa
1309 1726 1419 1781 Gab
1480 1727 1765 1792 Waradim‘1,

190 1815 255 1870 ad
303 1834 516 1870 examen
566 1815 679 1869 ferri
729 1815 998 1881 candentis,
1047 1815 1130 1870 vbi
1184 1815 1292 1869 talis
1338 1816 1467 1870 fafia
1518 1818 1588 1872 est
1636 1816 1766 1871 inter

191 1923 282 1959 eos
342 1905 627 1967 conuentio,
690 1924 722 1973 q
783 1918 1091 1958 memoratus
1157 1904 1448 1959 Anthonius
1510 1904 1644 1959 daret
1704 1907 1765 1959 ad

192 1993 406 2047 uersario
462 1992 554 2047 suo
610 1994 873 2047 nominato
929 1995 980 2047 in
1035 1992 1159 2049 festo
1216 1994 1383 2062 sancte
1436 1994 1595 2062 Marie
1644 1995 1766 2066 Mag

194 2082 366 2150 dalene
413 2084 464 2136 in
513 2082 624 2135 villa
673 2082 866 2136 Vduori
922 2082 1042 2135 duas
1098 2101 1288 2137 marcas
1344 2082 1540 2138 fertone
1595 2084 1766 2138 minus

193 2171 344 2225 ludici
399 2184 568 2225 autem
625 2173 674 2226 &
723 2171 954 2241 pristaldo
1004 2171 1147 2226 fimul
1201 2171 1539 2226 satisfacerent.
1589 2173 1642 2226 Si
1689 2185 1768 2225 ta·-

194 2278 315 2314 men
368 2261 677 2331 supradietus
738 2261 886 2315 Vfian
943 2261 1140 2316 seruum
1203 2260 1348 2315 suum
1412 2260 1682 2332 fugitiuum
1736 2261 1767 2313 il

194 2349 297 2403 lum
352 2348 470 2402 alibi
522 2349 745 2403 inuenire
801 2354 973 2420 posset,
1027 2350 1291 2420 'pecuniam
1353 2369 1503 2420 quam
1558 2368 1768 2420 accepe-

196 2451 281 2500 rat,
316 2438 584 2492 Anthonio
621 2439 826 2492 reddere
865 2451 1125 2493 teneretur.

303 2526 582 2597 Stephanus
632 2528 695 2581 de
742 2527 859 2581 villa
915 2528 1217 2597 Chueytora,
1266 2529 1480 2598 impecijt
1517 2527 1670 2582 Paulfi
1707 2528 1768 2580 de

195 2614 306 2669 villa
361 2615 494 2680 Paul,
549 2618 600 2671 &
654 2617 857 2671 Petrum
913 2616 1111 2671 fratrem
1168 2618 1286 2683 eim,
1352 2635 1522 2670 coram
1576 2615 1768 2670 Betlem

195 2704 247 2757 &
308 2704 563 2774 Stephano
624 2706 815 2774 vicariis
878 2705 1078 2759 Ladissai
1142 2706 1340 2760 comitis
1403 2705 1464 2757 de
1527 2705 1659 2758 Bach
1722 2707 1772 2759 δε
