2170 3210
1693 153 1763 199 287

118 298 220 344 ferri
251 297 469 343 candentis
501 296 792 343 Waradinum,
823 295 909 340 Ubi
940 295 1146 354 pacificati
1178 307 1288 349 sunt,
1320 295 1486 350 iudicia,
1529 295 1572 340 in
1618 295 1770 355 quibus

118 382 270 416 mutuo
303 370 381 414 sibi
412 369 679 423 tenebantur,
711 368 897 413 invicem
928 368 1007 411 sibi
1039 368 1218 412 omnino
1251 367 1523 426 indulgentes
1558 379 1600 411 et
1632 367 1768 412 talem

119 442 173 488 de
204 454 319 488 terra
349 441 544 487 fecerunt
583 441 931 494 conventionem,
976 439 1091 499 quod
1136 451 1307 494 terram,
1351 455 1479 499 quam
1521 439 1768 484 nominatus

119 515 271 565 Petrus
316 514 570 574 requirebat,
613 513 777 558 remisit
820 511 1039 571 praedicto
1085 512 1296 556 sacerdoti
1345 523 1387 555 et
1435 511 1628 570 cognatis
1677 511 1770 555 eius

120 587 385 633 memoratis,
418 585 626 630 Sacerdos
671 595 815 629 autem
860 595 904 629 et
948 583 1122 642 cognati
1166 584 1256 627 eius
1302 583 1511 628 dederunt
1556 584 1595 627 ei
1639 599 1767 627 unam

119 674 316 704 marcam.
349 657 482 703 ludici
513 670 656 702 autem
689 669 733 702 et
764 655 966 714 pristaldo
1001 667 1295 700 convenerunt
1339 654 1464 699 simul
1510 655 1769 700 satisfacere.

751 812 827 857 Nr-
865 826 959 870 350-
993 810 1140 872 (339)

264 897 431 943 Bodum
463 912 612 942 comes
630 899 646 923 ¹
678 895 904 955 quendam,
935 896 1113 940 nomine
1137 895 1345 950 Chebam,
1377 895 1504 939 traxit
1536 895 1578 938 in
1599 910 1769 938 causam

122 985 270 1015 coram
313 969 478 1014 arbitris
521 968 827 1027 parochitaniS,
873 969 1055 1013 scilicet:
1106 968 1261 1024 Adam,
1305 968 1501 1012 Farcasio
1521 969 1537 994 2
1570 967 1770 1021 decano,3

123 1053 166 1086 et
198 1043 388 1095 Zounuc,
421 1041 580 1098 dicens,
614 1039 730 1100 quod
761 1056 897 1084 unum
934 1040 1239 1098 ioubagionem
1283 1055 1407 1084 suum
1454 1039 1680 1084 occidisset
1725 1052 1771 1083 et

122 1114 251 1158 alium
294 1113 521 1159 crudeliter
567 1113 835 1172 flagellasset.
882 1112 971 1166 Qui
1016 1111 1178 1166 Cheba,
1219 1127 1317 1156 cum
1366 1112 1552 1169 peccatis
1596 1111 1770 1155 illorum

123 1185 388 1245 exigentibus
418 1185 504 1230 hoc
535 1185 596 1230 eis
629 1201 674 1229 se
707 1185 858 1229 fecisse
877 1184 1144 1237 affirmasset,
1166 1183 1370 1242 praedicti
1389 1183 1533 1228 arbitri
1559 1185 1769 1228 miserunt

122 1269 345 1317 utramque
367 1268 533 1315 partem
555 1256 607 1301 ad
629 1272 809 1301 examen
842 1257 943 1301 ferri
975 1255 1194 1300 candentis
1216 1256 1512 1310 Waradinum,
1537 1255 1605 1300 ubi
1633 1256 1770 1300 homo

123 1329 274 1377 Bodun
307 1330 494 1386 comiti8‚
527 1340 701 1387 portato
735 1329 867 1386 ferro,
901 1328 1154 1373 iustificatus
1187 1339 1263 1374 est.

746 1484 822 1528 Nr.
860 1497 954 1542 351.
989 1482 1137 1543 (340.)

266 1569 357 1624 Vsi,
388 1580 641 1628 procurator
672 1568 796 1612 villae
829 1566 1096 1624 Scaldubag‚⁴=
1128 1567 1275 1611 statuit
1307 1578 1405 1616 ante
1450 1582 1531 1612 nos
1579 1567 1772 1611 Petenad

125 1653 168 1687 et
206 1641 300 1686 Mih
333 1656 386 1686 ex
429 1657 513 1686 una
558 1652 692 1699 parte,
738 1639 970 1694 Andream,
1013 1638 1284 1692 Michaelem,
1330 1639 1524 1692 Buhtam‚
1573 1639 1770 1695 Scukam,

125 1714 308 1772 Herceg,
352 1712 609 1767 Gabrielem,
655 1713 812 1765 Boton,
856 1711 1038 1765 Tekam,
1083 1710 1265 1755 Scekam
1298 1722 1340 1755 et
1379 1711 1540 1755 Benam
1587 1726 1638 1755 ex
1678 1710 1771 1764 alia,

125 1785 293 1831 dicens:
326 1784 443 1844 quod
462 1784 777 1843 praenominati
805 1783 997 1828 Petenad
1018 1795 1061 1827 et
1082 1783 1175 1827 Mih
1198 1782 1404 1828 dixissent
1426 1798 1571 1827 coram
1592 1783 1771 1827 domino

125 1873 218 1912 suo,
249 1857 448 1902 Ladislao
484 1857 657 1908 comite,
692 1856 830 1900 iudice
864 1855 1062 1900 videlicet
1093 1855 1218 1899 huius
1251 1870 1416 1908 causae,
1457 1855 1621 1913 seipsos
1661 1870 1771 1899 con-

125 1941 361 1983 terraneOS,
391 1944 489 1974 cum
521 1929 854 1986 praenominatis
887 1944 1040 1973 eorum
1072 1928 1322 1973 adversariis
1355 1929 1399 1973 in
1431 1940 1542 1973 terra
1565 1928 1774 1986 Kereky.⁵

126 2001 371 2047 Adversarii
402 2012 546 2045 autem
578 2000 783 2058 praedicti
806 2000 1024 2055 dixissent,
1046 2015 1122 2044 eos
1145 2016 1238 2045 esse
1262 2011 1469 2045 extorres.
1487 2000 1577 2055 Qui
1598 2000 1772 2045 tandem

126 2074 291 2132 seipsos
341 2084 717 2131 recognoscentes,
766 2072 906 2116 habita
956 2072 1104 2116 iudicis
1157 2071 1338 2126 licentia,
1381 2073 1654 2130 recepissent,
1697 2087 1773 2116 eos

125 2146 169 2191 in
201 2145 469 2191 consortium
501 2156 641 2189 terrae
662 2144 917 2203 praedictae,
946 2156 1126 2202 excepto
1158 2145 1363 2203 virgulto,
1394 2145 1447 2190 de
1472 2160 1557 2203 quo
1582 2144 1776 2189 Petenad

127 2229 170 2263 et
202 2217 296 2262 Mih
326 2228 494 2276 partem
526 2232 614 2261 non
646 2216 819 2261 habent.

271 2374 283 2396 ¹
310 2373 408 2410 Infra
434 2386 486 2410 nr.
517 2383 594 2421 354.

273 2434 286 2455 ²
312 2434 354 2470 In
380 2433 541 2470 editione
565 2435 729 2481 principe
756 2445 930 2470 erronee:
957 2434 1177 2471 Farcasium.

274 2494 288 2513 ²
312 2494 354 2529 In
380 2494 539 2530 editione
564 2495 726 2542 principe
753 2505 927 2530 erronee:
954 2495 1145 2532 decanum.

272 2555 287 2576 ⁴
312 2554 540 2602 Szzssdobzigy
565 2565 690 2601 pagus,
716 2554 778 2590 sed
805 2555 885 2601 quis
910 2555 1004 2591 inter
1030 2555 1196 2591 multos‘?

274 2614 287 2634 ⁶
311 2614 410 2660 Pagi,
423 2614 555 2650 Kereki
570 2615 749 2650 nominati
763 2614 893 2651 saltem
907 2615 928 2650 6
943 2616 1132 2662 viguerant
1146 2616 1238 2652 olim
1252 2616 1290 2651 in
1304 2616 1491 2662 provincia
1511 2625 1609 2651 trans
1629 2615 1774 2652 Ticiam

129 2675 206 2719 sita,
234 2674 448 2721 nullumque
475 2674 650 2710 indicium
678 2676 846 2717 occurrit,
873 2687 943 2722 quo
970 2676 1030 2711 hic
1057 2676 1269 2712 nominatus
1308 2687 1419 2722 pagus
1465 2675 1615 2722 agnosci
1651 2678 1777 2723 possit-
