2170 3210
414 161 479 208 156

415 317 455 347 et
488 304 573 347 iam
605 302 726 346 dictis
758 301 951 346 fratribus
984 300 1237 346 confirmari.
1279 301 1345 344 De
1389 311 1501 344 terra
1541 311 1682 344 autem
1726 299 1874 345 eadem
1917 299 2043 344 habet

412 374 551 427 Iacob,
592 373 700 417 filius
742 373 875 431 Opsa,
907 373 969 416 ius
1014 373 1135 416 unius
1177 371 1348 416 funiculi
1379 371 1432 415 ad
1463 370 1684 415 dimidium
1728 372 1942 416 aratrum.¹
1981 370 2044 415 Ut

414 457 556 489 autem
589 444 785 489 executio
805 444 930 488 huius
951 459 1100 493 causae
1132 444 1286 487 sciatur
1318 459 1341 487 a
1361 443 1557 500 posteris,
1587 442 1702 486 idem
1731 441 1857 486 iudex
1888 441 2044 487 eodem

414 515 616 574 pristaldo
630 516 764 560 misso
787 528 829 560 et
848 516 1011 569 litteris,
1033 530 1177 559 coram
1198 515 1324 567 Mert,
1343 513 1571 558 decurione
1592 514 1761 557 illorum
1779 524 2046 566 venatorum,

416 587 614 645 Capitulo
647 586 943 631 Waradinensi
986 586 1083 631 fecit
1126 586 1280 630 seriem
1311 585 1434 629 huius
1466 599 1615 629 causae
1646 583 1862 642 praedicto
1896 583 2044 628 ordine

414 670 655 702 contestan.

1062 753 1137 798 Nr.
1171 766 1208 797 2.
1245 752 1321 812 (33
1334 750 1393 811 Ι.)

556 838 705 882 Simon
738 837 789 881 de
823 837 918 881 villa
938 836 1101 894 Siptul,2
1127 837 1308 894 impetiit
1329 835 1546 889 Medenm,
1565 835 1810 879 Forcasium
1833 846 1875 878 et
1895 833 2044 878 Ludu-

416 925 581 967 gerum,
612 909 664 953 de
695 909 793 953 villa
825 909 994 962 Both,3
1026 907 1182 962 dicens,
1214 906 1328 966 quod
1359 907 1461 951 duas
1493 906 1743 964 pedisequas
1765 906 1868 959 eius,
1889 905 2046 950 scilicet

416 981 596 1025 Mariam
628 991 671 1024 et
702 980 927 1037 Daragam,
959 990 1002 1022 et
1034 990 1135 1022 octo
1168 978 1300 1022 boves
1340 989 1529 1022 aratores
1562 989 1604 1021 et
1636 977 1808 1033 triginta
1852 991 1956 1021 oves
2001 988 2043 1020 et

416 1068 547 1097 unum
592 1067 748 1110 equum
790 1051 1000 1095 violenter
1033 1050 1072 1094 ei
1104 1049 1383 1095 abstulissent.
1425 1048 1661 1106 Tumpaica
1693 1047 1856 1092 curialis
1901 1062 2046 1092 comes

414 1139 649 1184 preconum
692 1123 818 1180 regiS,
861 1122 997 1166 ablata
1040 1121 1190 1166 decem
1231 1121 1382 1165 marcis
1423 1120 1671 1178 appretians,
1703 1119 1815 1163 misit
1845 1118 1941 1163 illos
1971 1133 2047 1177 per

415 1194 663 1252 pristaldum
706 1194 881 1238 nomine
925 1193 1084 1237 Duntia
1128 1192 1179 1237 de
1223 1192 1321 1236 villa
1352 1192 1583 1250 Chegyen⁴
1616 1191 1668 1235 ad
1711 1189 1910 1234 iudicium
1947 1189 2047 1233 ferri

418 1266 634 1310 candentis
663 1265 965 1319 Waradinum;
997 1264 1067 1308 ubi
1087 1264 1225 1308 taliter
1257 1275 1561 1316 convenerunt,
1593 1260 1905 1321 quod'Medea,
1935 1261 2047 1304 For-

416 1337 550 1382 casius
583 1349 625 1381 et
662 1336 911 1394 Ludugerus
944 1335 1092 1380 darent
1124 1335 1288 1379 Simoni
1319 1350 1506 1378 marcam
1528 1346 1570 1378 et
1593 1334 1818 1386 fertonem,
1852 1343 1896 1376 et
1916 1331 2046 1376 iidem

414 1408 540 1453 iudici
571 1407 874 1461 satisfacerent,
905 1418 1069 1464 partem
1101 1418 1244 1450 autem
1274 1405 1459 1464 pristaldi
1491 1405 1640 1449 Simon
1672 1403 1949 1462 persolveret.

1066 1550 1143 1594 Nr.
1179 1564 1216 1607 3.
1251 1547 1398 1607 (332.)

558 1634 699 1691 Cupes
732 1633 784 1678 de
815 1633 913 1677 villa
935 1633 1120 1691 Neueg,⁵
1151 1632 1332 1690 impetiit
1352 1630 1635 1674 convillanum
1667 1644 1804 1681 suum,
1826 1628 2048 1672 dominum

417 1705 561 1749 Buhus
594 1705 645 1748 de
678 1705 809 1750 tribus
838 1704 1084 1757 senonibus,
1115 1703 1250 1748 iudice
1282 1704 1374 1760 Apa
1406 1702 1593 1755 comite?
1626 1699 1828 1759 pristaldo
1860 1699 1964 1743 Peta
1995 1697 2049 1742 de

560 1836 571 1857 ¹
599 1836 794 1872 Funiculus
820 1835 1002 1882 significat
1027 1836 1082 1870 ius
1107 1834 1329 1870 ususfructus
1367 1834 1442 1879 agri
1479 1831 1688 1868 communis
1726 1830 1918 1866 cuiusdam
1954 1829 2050 1875 pagi,

419 1904 579 1931 aratrum
605 1907 691 1931 vero
724 1895 903 1942 significat
940 1894 1094 1931 modum
1126 1894 1232 1929 huius
1258 1893 1343 1939 agri,
1370 1894 1494 1937 iugera
1531 1892 1695 1927 80—120
1731 1889 2050 1935 complectentem.

417 1955 569 1990 lacobus
595 1966 682 2000 ergo
701 1954 842 1990 dimidii
870 1955 945 2000 agri
971 1955 1048 1989 iure
1074 1953 1267 1989 fruebatur.
1293 1952 1412 1996 (Azaz,
1439 1963 1460 1986 a
1485 1950 1559 1986 falu
1579 1951 1690 1986 kozos
1708 1948 1874 1984 foldebol
1892 1947 2050 1982 6ti11et6

419 2013 615 2048 hasznailati
641 2015 703 2060 jog
730 2013 916 2060 felekenyi
941 2014 1128 2060 nagyszigu
1157 2012 1275 2047 foldre
1301 2011 1428 2058 terjedt
1466 2011 1511 2046 ki.
1551 2009 1630 2056 Egy
1669 2009 1734 2044 eke
1772 2007 1851 2043 fold
1888 2006 2053 2042 80-120

420 2074 547 2108 holdat
573 2066 639 2108 tett
664 2074 710 2108 ki.
738 2072 942 2121 (Tagainyiz
968 2073 998 2107 A
1028 2072 1285 2117 foldkozosseg
1310 2072 1491 2106 tortenete
1515 2066 1873 2116 Magyarorszagon.)

560 2132 574 2152 ²¹
601 2132 730 2175 Hodie,
745 2133 893 2179 Septely
912 2132 1100 2179 praedium
1117 2132 1297 2167 territorio
1317 2130 1441 2177 oppidi
1459 2128 1837 2164 Bihar-M.-Keresztes
1857 2125 2052 2160 adiectum.

562 2192 576 2212 ³
602 2192 749 2228 Rectius
775 2193 901 2228 Boctu.
927 2192 1008 2227 Hoc
1035 2201 1175 2227 nomen
1201 2192 1312 2226 serius
1338 2190 1470 2232 Bohtu,
1497 2188 1594 2223 Boht
1613 2185 1925 2234 pronuntiabatur,
1950 2194 2050 2218 nunc

422 2263 509 2288 vero
536 2244 617 2298 Bojt
643 2252 784 2295 dicitur,
809 2259 861 2287 est
887 2262 955 2298 que
982 2261 1093 2298 pagus
1119 2252 1156 2286 in
1182 2251 1357 2286 comitatu
1398 2249 1514 2290 Bihar,
1551 2246 1648 2282 haud
1686 2244 1811 2291 procul
1848 2255 1868 2278 a
1905 2242 2052 2290 Septely

428 2313 524 2347 situs.
551 2311 643 2346 Vide
668 2311 818 2346 inferius
844 2322 897 2346 nr.
929 2320 1005 2353 104,
1035 2320 1111 2345 110.

562 2370 577 2389 ⁴
602 2369 790 2405 Hodierna
815 2369 1077 2416 orthographia
1104 2368 1287 2415 Czegeny‚
1315 2368 1405 2403 olim
1444 2367 1512 2402 fuit
1550 2377 1662 2412 pagus
1701 2367 1794 2401 circa
1832 2365 2053 2400 hodiernum

423 2430 599 2476 oppidum
630 2428 946 2476 Balmaz—Ujvaros
972 2430 1010 2463 in
1036 2428 1329 2463 archidiaconatu
1356 2426 1603 2462 Szabolcsensi
1641 2426 1756 2461 Vide:
1784 2424 1940 2460 Csainki:
1978 2423 2054 2459 Ma-

422 2491 637 2535 gyarorszzig
663 2488 875 2524 tortenelmi
913 2487 1082 2534 foldrajza
1119 2499 1139 2522 a
1175 2487 1403 2534 Hunyadyak
1442 2485 1617 2520 kordban.
1652 2485 1678 2519 Ι.
1714 2496 1747 2531 p.
1784 2483 1863 2519 606.
1901 2483 2053 2518 Inferius

421 2560 473 2582 nr.
504 2559 558 2593 13,
584 2558 639 2594 92.
666 2548 723 2595 96.

563 2607 577 2627 ⁵
602 2607 721 2643 Hodie
746 2607 912 2653 Nyi'ived,
951 2618 1062 2652 pagus
1090 2607 1126 2640 in
1155 2607 1329 2642 comitatu
1354 2605 1473 2646 Bihar,
1514 2604 1556 2638 ab
1596 2604 1730 2650 oppido
1770 2602 1878 2637 Bihar
1913 2608 2055 2647 septen·

421 2668 579 2702 trionem
605 2677 738 2702 versus.
