2170 3210
1715 166 1784 205 233

130 300 388 356 satisfacere,
431 313 590 347 terram
633 302 677 346 in
721 302 762 347 T
765 301 898 347 houfo
930 301 1219 346 mensurando
1250 301 1410 358 Mayad
1442 302 1591 347 comiti
1622 314 1703 361 pro
1725 318 1781 347 eo

129 373 329 420 dedisset.
361 373 448 420 Sed
478 373 636 432 Mayad
667 388 815 419 comes
852 372 1037 418 eundem
1080 374 1227 418 locum
1269 373 1394 418 villae
1438 374 1691 420 Urcundino
1740 387 1785 420 et

131 445 329 492 fratribus
359 446 448 491 suis
480 446 610 505 gratis
642 445 936 491 concessisset.
968 445 1064 503 Ipsa
1095 460 1201 490 vero
1233 456 1345 490 terra
1373 446 1495 491 Hene
1530 446 1604 491 tali
1626 446 1778 492 ordine

130 530 345 564 metarum
377 517 512 563 divisa
542 518 653 563 inter
683 517 918 576 praedictas
948 528 1090 576 partes
1137 517 1410 575 perhibetur:
1456 518 1592 576 prima
1634 519 1779 579 itaque

130 601 248 636 meta
291 590 510 650 egreditur
552 589 606 635 de
646 601 760 635 terra
791 588 995 648 Bogdan¹
1026 601 1069 634 et
1101 588 1219 634 vadit
1264 589 1317 634 ad
1357 589 1550 644 Thoufo,
1595 602 1638 635 et
1678 589 1778 636 inde

131 662 281 708 transit
311 662 422 708 ultra
452 662 617 721 Veyzlfi
651 673 695 706 et
724 661 823 707 inde
854 677 1004 707 versus
1036 661 1217 706 domum
1248 661 1452 706 Urcultus
1486 663 1584 708 etc.⁵⁵

794 806 871 851 Nr.
906 819 1005 864 215.
1038 807 1117 864 (2.)

275 890 457 949 Yrgolin
489 889 542 936 de
581 890 679 935 villa
721 891 816 935 Fon
859 890 1044 948 impetiit
1086 890 1372 935 convillanam
1416 906 1550 947 suam,
1599 906 1783 936 uxorem

128 962 293 1017 Cheka,
323 962 377 1008 de
407 962 632 1008 veneficio.
663 962 789 1018 Quos
822 962 1058 1021 Gregorius
1090 977 1237 1007 comes
1266 961 1320 1007 de
1341 963 1505 1007 Potoc³
1535 962 1787 1017 discutiens,

128 1035 246 1080 misit
276 1034 543 1080 Varadinum
574 1034 628 1080 ad
648 1049 829 1080 examen
850 1034 952 1079 ferri
968 1033 1187 1080 candentis
1208 1049 1285 1093 per
1311 1033 1576 1093 pristaldum,
1604 1035 1782 1080 nomine

129 1106 327 1152 Thomas
358 1106 412 1151 de
442 1106 542 1151 villa
579 1106 743 1164 Kaboy.
777 1105 862 1150 Sed
893 1121 991 1151 cum
1010 1105 1083 1151 illa
1103 1121 1205 1165 prae
1224 1106 1354 1151 nimia
1375 1118 1597 1152 senectute
1619 1106 1782 1152 ferrum

110 1183 218 1224 'non
248 1194 379 1238 posse
410 1190 584 1238 portare
617 1177 853 1234 videretur3
884 1177 1001 1223 idem
1022 1177 1151 1223 iudex
1173 1177 1420 1236 dispensans
1443 1194 1542 1224 curn
1564 1195 1627 1233 ea,
1646 1178 1782 1224 filium

131 1266 271 1306 suum,
301 1250 483 1297 Modam
514 1251 707 1305 nomine,
737 1262 910 1309 portare
941 1250 1104 1295 sermm
1135 1265 1214 1308 pro
1247 1262 1385 1296 matre
1430 1266 1507 1295 sua
1548 1251 1778 1310 praecepit,

131 1323 217 1383 qui,
246 1334 421 1382 portato
453 1322 583 1378 ferro,
614 1322 865 1368 iustificatus
897 1334 973 1368 est.

792 1466 869 1513 Nr.
903 1469 1003 1511 216.
1039 1466 1119 1526 (3.)

277 1552 446 1598 Choma
492 1552 545 1597 de
586 1552 686 1597 villa
736 1552 853 1597 Petri
901 1551 1084 1610 impetiit
1134 1551 1400 1596 convillanos
1444 1567 1560 1606 suos,
1603 1551 1780 1596 nomine

133 1623 285 1683 Fugod
317 1635 360 1669 et
390 1624 638 1683 Aegidium,
671 1624 723 1669 de
756 1624 913 1669 damno
959 1639 1103 1668 rerum
1148 1638 1319 1668 suarum
1351 1623 1405 1668 ad
1436 1623 1782 1668 aestimationem

133 1699 246 1741 octo'
270 1711 523 1751 marcarum,
552 1696 690 1741 iudice
723 1696 974 1749 Laurentio,
993 1695 1138 1740 curiali
1161 1695 1348 1740 comite*
1371 1695 1423 1741 de
1445 1695 1544 1740 vllla
1572 1694 1783 1740 Terebus.

133 1767 344 1813 Praedicti
374 1768 467 1822 viri,
497 1767 650 1827 Fugod
682 1780 725 1812 et
758 1767 926 1826 Aegyd,
956 1778 1133 1826 portato
1166 1766 1296 1821 ferr0‚
1329 1767 1542 1812 combusti
1573 1778 1684 1812 sunt.

793 1911 871 1958 Nr.
905 1925 1003 1969 217.
1035 1910 1122 1972 (4.)

276 1996 465 2051 BasiliuS,
495 1995 620 2041 abbas
652 1995 705 2040 de
738 1995 916 2051 Curru,⁵
936 1995 1120 2054 impetiit
1142 1995 1350 2055 quosdam
1372 2010 1450 2054 pro
1474 1995 1590 2040 furto
1623 1994 1784 2040 scilicet

133 2067 295 2112 Pazthu
327 2069 380 2112 de
412 2067 570 2121 Peles‚⁶
608 2067 713 2112 item
757 2066 1007 2121 Adrianum,
1050 2067 1339 2121 Laurentium,
1382 2067 1579 2123 Buhtem⁷
1622 2067 1785 2119 Micon,

281 2224 292 2246 ¹
319 2225 428 2261 Nunc
454 2224 752 2273 Nyir-Bogdziny.

278 2283 292 2304 ²
318 2285 431 2322 Conf.
456 2285 623 2322 Wenzel.
650 2284 741 2321 VIII.
772 2295 850 2330 199.
877 2284 990 2332 Zichy
1017 2284 1041 2319 I.
1068 2294 1272 2329 412—-415,

277 2346 292 2367 ⁸
317 2345 455 2382 Comes
480 2345 759 2393 Zempliniensis
784 2345 943 2381 habebat
968 2345 1140 2381 altrerum
1168 2356 1307 2382 nomen
1334 2345 1378 2381 de
1404 2344 1528 2380 Patak.

278 2405 294 2426 ⁴
319 2406 390 2442 Hic
414 2405 595 2453 quaedam
621 2415 740 2447 voces,
766 2406 921 2441 nomina
947 2405 1139 2441 comitatus
1164 2413 1200 2441 et
1225 2404 1387 2453 pristaldi
1414 2405 1653 2446 insinuantes,
1691 2404 1786 2439 exci-

133 2467 278 2503 derunt.
304 2466 483 2514 Adeoque
507 2466 619 2502 situm
644 2475 823 2513 pagorum
848 2465 944 2501 Petri
970 2475 1005 2501 et
1031 2464 1190 2501 Terebes
1215 2463 1406 2511 (Terebus)
1426 2465 1672 2500 determinare
1686 2463 1783 2499 haud

134 2526 229 2563 licet.
255 2526 450 2573 Ignoratur
474 2526 587 2570 enim,
612 2526 658 2562 de
683 2536 756 2573 quo
782 2526 960 2562 comitatu
987 2533 1040 2561 est
1065 2536 1198 2562 sermo.

280 2585 294 2606 ⁵
318 2586 661 2623 Kiirsi-monostora
700 2597 797 2621 nunc
835 2585 1060 2632 Nagy-Knru
1097 2587 1135 2621 in
1174 2596 1269 2622 com.
1307 2582 1781 2631 Jatsz-Nagykun-Szolnok.

135 2645 236 2682 Infra
264 2657 317 2681 nr.
344 2655 425 2690 244,
451 2655 533 2692 245,
564 2645 642 2692 376,
672 2647 750 2692 387.

280 2704 295 2724 ⁶
319 2705 420 2741 Infra
447 2715 527 2750 245.
552 2704 659 2741 Nunc
686 2705 787 2747 Pilis,
814 2716 926 2752 pagus
952 2716 1050 2741 com.
1077 2704 1209 2740 Tolna⁴
