2170 3210
500 345 536 398 fi
590 363 684 414 qua
739 343 910 396 mulier
962 362 1011 396 1n
1062 343 1378 413 suspitionem
1426 344 1599 399 iustam
1647 343 1870 412 adulterii
1908 344 2042 398 ceci-

501 432 655 493 disset,
723 431 923 484 maritus
991 432 1092 484 eius
1159 432 1421 484 accedebat
1481 431 1541 483 ad
1600 431 1782 485 iudices
1843 433 2041 485 ciuitatis

500 518 597 572 suae
657 519 963 588 negotiumq;
1022 519 1193 587 ipsum,
1252 518 1340 571 illis
1406 519 1729 588 proponebat.
1794 518 1864 573 Illi
1921 538 2043 572 vero

500 606 760 660 mittebant
824 620 932 660 eam
1000 625 1118 659 cum
1183 606 1383 661 testibus
1449 606 1640 659 idoneis
1706 605 2042 675 Ierosoymam

501 694 560 745 ad
621 694 872 748 summum
934 694 1288 756 confistorium‚
1344 694 1397 747 in
1452 712 1552 763 quo
1607 694 1912 763 septuaginta
1963 691 2040 750 se-

501 782 680 835 debant
742 782 900 836 senes:
963 783 1026 834 Hi
1085 783 1302 851 primum
1361 781 1604 835 terrebant
1664 781 1921 834 mulierem
1980 799 2044 835 ne

500 887 676 938 aquam
746 872 1068 925 maledictiois
1137 870 1334 931 biberet,
1396 871 1446 922 &
1499 869 1545 922 se
1600 871 1775 922 mortis
1827 869 2043 938 perieulo

501 971 781 1026 exponeret,
841 958 921 1012 sed
979 957 1127 1010 libere
1188 957 1502 1012 confiteretur
1563 957 1760 1010 crimen.
1822 958 1954 1022 Quae
2007 954 2043 1010 fi

502 1045 830 1098 confitebatur
891 1044 1072 1099 delicta
1133 1062 1237 1098 non
1299 1044 1685 1113 compellebatur
1744 1045 1804 1097 ad
1864 1042 2043 1098 biben-

500 1133 588 1185 dm
643 1150 821 1202 aquam
876 1151 1090 1185 amaram
1144 1134 1194 1186 δι
1246 1131 1567 1194 maledictam,
1622 1132 1704 1186 sed
1758 1132 2043 1201 egredieba-

500 1233 579 1273 tur
623 1221 750 1289 absq;
798 1220 973 1281 liberis,
1022 1220 1159 1290 fibiq;
1208 1220 1294 1289 ipsi
1341 1220 1554 1273 viuebat:
1602 1220 1687 1272 Sin
1735 1221 1896 1273 minus
1945 1220 2042 1272 du-·

501 1309 698 1361 cebatur
756 1308 817 1360 ad
875 1321 1072 1376 portam
1131 1307 1306 1377 templi
1375 1307 1639 1370 orietalem,
1705 1308 2043 1376 statuebaturq;

501 1416 528 1449 a
566 1395 832 1449 Sacerdote
871 1413 1040 1449 coram
1077 1396 1319 1457 Domin0‚
1356 1408 1410 1449 vt
1459 1395 1517 1448 ab
1567 1413 1645 1455 eo,
1694 1396 1869 1450 nimiru'
1916 1395 2044 1448 Sanc

499 1497 556 1537 to
617 1486 666 1538 &
724 1483 920 1537 terribili
986 1483 1337 1553 perterrefieret
1398 1485 1447 1537 &
1507 1483 1824 1536 confiteretur
1889 1482 2043 1536 delic-

499 1585 629 1625 tum:
685 1587 809 1624 mox
863 1573 899 1625 fi
947 1572 1045 1634 fine
1095 1570 1403 1624 confesfione
1460 1570 1801 1640 perseueraffet
1855 1571 2045 1638 circum-

501 1660 761 1715 astantibus
822 1658 1106 1713 mulieribus
1165 1659 1446 1728 priuabatur
1507 1660 1593 1713 oni
1660 1671 1850 1721 ornatu,
1916 1659 2044 1712 adeo

504 1749 668 1800 etiam‘
726 1760 1019 1816 tegumento
1100 1748 1277 1816 capitis,
1351 1746 1542 1799 Deinde
1615 1746 1860 1799 adiurabat
1933 1738 2044 1799 eam

504 1835 739 1888 Sacerdos
788 1835 881 1887 his·
910 1835 1089 1888 verbis:
1139 1835 1194 1887 Si
1244 1853 1347 1888 non
1386 1835 1622 1888 dormiuit
1658 1835 1729 1887 vir
1764 1834 1948 1887 alienus
1995 1848 2044 1886 te

503 1942 632 1984 cum,
670 1925 718 1976 &
754 1923 789 1976 fi
826 1941 930 1976 non
967 1922 1150 1992 polluta
1188 1941 1239 1975 es
1283 1922 1477 1976 deserto
1526 1923 1689 1975 mariti
1737 1922 1891 1976 thoro
1939 1940 2044 1975 non

502 2011 588 2064 tibi
643 2011 902 2063 nocebunt
955 2029 1092 2079 aquae
1146 2012 1243 2065 istae
1299 2011 1596 2076 amarisfime
1649 2012 1699 2064 δε
1751 2009 2043 2064 maledictae:

502 2092 591 2151 Sin
627 2111 794 2151 autem
831 2098 1072 2153 declinasti
1110 2117 1136 2151 a
1174 2099 1282 2152 viro
1320 2110 1408 2151 tuo
1447 2111 1540 2167 atq;
1588 2097 1756 2167 poluta
1798 2115 1849 2151 es
1893 2099 1942 2151 &
1984 2100 2045 2150 εό

505 2187 706 2241 cubuisti
743 2203 858 2238 cum
907 2186 1056 2239 altero
1105 2187 1224 2248 viro,
1263 2186 1343 2239 det
1391 2198 1439 2239 te
1488 2186 1737 2239 Dominus
1786 2186 1839 2238 in
1887 2184 2046 2238 male-

504 2275 775 2328 dictionem
829 2276 879 2327 δε
933 2273 1217 2343 exemplum
1274 2277 1568 2327 cunctorum
1622 2274 1674 2325 in
1729 2273 1899 2326 medio
1945 2290 2047 2342 po-

503 2361 609 2431 puli·
650 2363 733 2423 tui,
782 2363 831 2415 &
879 2362 1149 2430 putrescere
1198 2351 1336 2414 faciat
1383 2361 1545 2414 femur
1593 2373 1751 2422 tuum,
1800 2362 1849 2415 δι
1897 2359 2047 2413 infla-

504 2451 541 2502 ri
596 2462 789 2513 vterum
843 2461 1014 2502 tuum:
1069 2450 1406 2518 Ingrediantur
1460 2467 1598 2517 aquae
1655 2449 1755 2503 istae
1808 2447 2049 2501 maledic-

504 2539 653 2591 taein
689 2537 868 2591 viscera
903 2549 1002 2600 tua,
1037 2549 1090 2589 vt
1130 2538 1415 2591 intumescat
1462 2548 1630 2589 vterus
1678 2548 1806 2598 tuus,
1855 2538 1905 2590 δι
1950 2554 2048 2605 pu-

504 2626 675 2680 trescat
729 2624 891 2676 femur
938 2623 1104 2677 tuum:
1156 2623 1361 2677 Muliere
1411 2636 1576 2677 autem
1632 2622 1840 2686 dicente,
1888 2640 2049 2684 amen,

1879 2728 2050 2764 amen:
