2170 3210
1723 109 1785 155 183

785 265 862 312 Nr.
896 266 965 310 82.
995 264 1144 326 (308.)

277 352 418 396 Pousa
451 351 503 396 de
534 351 631 395 villa
677 350 815 395 Nadal
857 350 1044 407 impetiit
1088 349 1374 394 conuillanum
1420 364 1559 405 suum,
1603 349 1787 394 scilicet:

136 423 365 468 dominum
382 423 544 468 Forcos
560 438 640 481 pro
658 422 844 480 dampno
865 424 1051 481 quinque
1072 437 1324 476 marcarum,
1345 421 1483 467 iudice
1504 423 1592 467 Boc
1613 423 1789 475 comite,

138 495 319 540 domino
351 510 519 549 eorum,
549 494 753 552 pristaldo
784 494 918 540 Matu.
944 494 1059 538 Inter
1082 509 1188 553 quos
1210 494 1304 538 talis
1327 493 1437 538 facta
1460 505 1524 538 est
1543 493 1789 547 conuentio,

137 567 257 627 quod
286 567 448 612 Forcos
481 566 600 611 daret
632 566 850 611 dimidiam
881 581 1069 610 marcam
1108 566 1275 610 Pousae
1321 578 1363 610 et
1407 567 1451 610 in
1499 566 1624 611 tertia
1666 577 1786 624 parte

137 638 403 684 satisfaceret
434 638 560 683 iudici
593 651 635 683 et
666 638 880 697 pristaldo.

790 801 866 845 Nr.
901 801 968 859 83.
1003 800 1138 859 (309.)

281 886 405 929 onr
437 885 651 929 Laurentii
684 884 736 928 de
768 884 865 928 villa
897 884 1099 940 Dolman,
1131 885 1316 942 impetiit
1349 883 1558 943 quosdam
1590 883 1643 928 de
1688 880 1786 928 villa

140 957 333 1011 Colosa,1
367 956 551 1001 scilicet:
585 956 735 1010 Naluc,
767 957 939 1010 Cecam,
971 969 1013 1000 et
1047 955 1132 1001 Vid
1164 956 1216 1000 de
1249 956 1379 1008 furto,
1409 956 1548 1000 iudice
1570 955 1786 1000 Neuetlen

137 1028 284 1074 curiali
315 1030 476 1074 comite
509 1028 562 1073 de
594 1028 769 1083 Zarand,
801 1028 1006 1086 pristaldo
1039 1028 1159 1073 Teca
1197 1028 1250 1073 de
1282 1028 1381 1072 villa
1424 1028 1642 1086 Scigueti.2
1688 1027 1786 1080 Vid,

134 1112 308 1160 portato
341 1100 473 1156 ferm,
505 1100 757 1146 iustificatus
803 1112 880 1145 est.
929 1101 1067 1146 Naluc
1111 1112 1154 1145 et
1199 1102 1313 1146 Ceca
1357 1116 1506 1144 manus
1551 1115 1641 1144 non
1687 1111 1785 1144 sunt

134 1175 367 1232 inspectae,
398 1173 495 1232 quia
526 1172 661 1231 sigilla
693 1189 845 1217 eorum
877 1173 1010 1217 fracta
1042 1185 1140 1217 sunt
1171 1175 1355 1218 inuenta.

778 1336 855 1380 Nr.
891 1338 959 1392 84.
993 1335 1140 1395 (310.)

273 1419 430 1463 Virhar
451 1418 504 1464 de
526 1419 626 1464 villa
647 1420 839 1472 Fansol,3
861 1420 1064 1478 ioubagio
1087 1419 1334 1472 Barnabae‚4
1357 1419 1540 1476 impetiit
1561 1417 1786 1462 dominum

136 1492 251 1535 Bozc
282 1490 336 1535 de
368 1490 467 1535 villa
497 1490 672 1535 Ziloch5
704 1506 783 1549 pro
817 1491 947 1545 furto,
994 1490 1132 1536 iudice
1177 1490 1295 1544 Pers,
1338 1490 1483 1535 curiali
1527 1491 1688 1535 comite
1732 1489 1785 1534 de

135 1563 327 1617 Zounuc,
357 1562 562 1621 pristaldo
596 1563 788 1613 Sceraka.
822 1564 949 1618 Bozc‚
982 1574 1154 1620 portato
1188 1562 1318 1614 ferro,
1349 1561 1600 1607 iustificatus
1633 1575 1711 1608 est.

783 1726 858 1769 Nr.
895 1727 961 1781 85.
995 1725 1142 1783 (311.)

277 1809 411 1862 Deus,
442 1808 554 1853 filius
587 1808 743 1861 Sancti,
775 1808 828 1852 de
861 1808 957 1852 villa
991 1807 1205 1852 inferioris
1251 1809 1399 1862 Quer⁶
1443 1809 1626 1866 impetiit
1672 1825 1784 1853 con-

132 1880 339 1925 villanum
371 1896 509 1934 suum,
539 1880 794 1937 Johannem,
830 1879 1134 1938 ioubagionem
1179 1881 1306 1934 Ι-Ιιλε,7
1350 1895 1429 1938 pro
1474 1880 1603 1928 furto.
1646 1880 1784 1925 iudice

132 1952 281 2006 Paulo,
313 1953 458 1997 curiali
490 1953 648 1997 comite
682 1952 735 1996 de
767 1951 937 2007 Bichor,
958 1951 1162 2009 pristaldo
1187 1952 1378 2011 Gyuge.⁸
1398 1954 1596 2010 joannes,
1611 1965 1782 2011 portato

134 2024 266 2078 ferro,
298 2024 613 2069 incombustam
645 2024 790 2068 habuit
821 2039 1009 2077 manum,
1040 2024 1116 2069 sed
1149 2024 1333 2083 sigillum
1367 2025 1559 2071 fractum.

282 2187 292 2207 ¹
319 2187 426 2222 Nunc
452 2187 605 2223 Kalzicsa
632 2197 742 2234 prope
769 2187 854 2222 Beel
880 2188 918 2222 in
945 2199 1041 2223 com.
1068 2187 1186 2228 Bihar,
1214 2188 1306 2223 olim
1333 2189 1370 2223 in
1397 2200 1494 2224 com.
1522 2188 1673 2223 Zarzind.

277 2247 291 2267 ³
317 2247 449 2294 Szigeti
475 2259 588 2294 prope
614 2247 810 2294 Belfenyer
837 2248 875 2282 in
901 2259 998 2283 com.
1024 2247 1142 2283 Bihar.

278 2307 291 2327 ³
318 2307 469 2343 Fancsal
496 2319 594 2343 nunc
621 2307 811 2354 praedium
837 2309 874 2342 in
901 2319 997 2343 com.
1024 2307 1132 2343 Bihar
1158 2308 1253 2343 inter
1278 2307 1379 2343 Albis
1407 2316 1442 2343 et
1480 2308 1783 2354 Asszonyvziszira.

278 2367 293 2386 ⁴
318 2367 419 2403 Infra
444 2379 498 2403 nr.
524 2371 581 2403 52.

279 2426 293 2446 ⁵
318 2427 419 2462 Zilah
445 2429 623 2473 oppidum
650 2430 686 2464 in
713 2439 809 2464 com.
837 2428 992 2474 Szildgy,
1019 2428 1106 2464 alias
1132 2428 1448 2475 Kozep-Szolnok.

279 2486 294 2506 ⁶
318 2487 426 2522 Nunc
451 2487 649 2536 Nagy-Ker
675 2490 712 2524 in
740 2499 835 2523 com.
865 2488 981 2523 Bihar.

281 2546 293 2568 ⁷
320 2547 419 2582 Infra
445 2559 498 2583 nr.
528 2548 605 2593 388.
806 2547 809 2551 ’

279 2607 293 2626 ⁸³
319 2608 433 2653 Supra
461 2619 512 2643 nr.
544 2619 597 2654 37.
