2170 3210
1724 162 1796 199 299

136 293 313 349 Budam,
343 293 478 339 filium
510 294 709 341 Forcasii.
742 294 888 349 Quem
925 294 1130 354 quidem,1
1164 293 1267 339 dum
1289 293 1406 338 Buda
1429 293 1590 338 diceret
1611 293 1803 339 liberum

136 381 245 421 esse,
276 366 334 411 illi
366 365 601 424 probabant
632 366 816 411 eundem
849 382 1021 410 seruum
1056 382 1182 410 suum
1214 381 1309 410 esse
1320 383 1331 421 ;
1363 365 1440 410 sed
1472 366 1653 410 consilio
1677 367 1792 410 ami—

138 453 289 483 corum
320 438 540 498 utriusque
570 439 700 497 partis
733 450 777 482 et
808 438 978 483 licentia
1010 438 1158 482 iudicis
1185 449 1453 482 memoratus
1476 437 1591 482 Buda
1612 454 1790 483 memo-

137 521 278 555 ratum
310 509 453 555 Cucus
474 510 658 556 redemit
679 527 702 555 a
734 510 940 555 seruitute
963 511 1007 554 in
1029 509 1268 554 absolutam
1300 510 1551 566 libertatem,
1584 511 1654 564 ita,
1674 511 1792 570 quod

134 581 250 640 ipse¹
273 582 414 627 Cucus
437 594 480 627 et
500 583 613 627 filius
635 582 726 627 eius
758 594 801 627 et
833 583 974 627 omnis
993 582 1215 639 generatio
1249 582 1299 626 ab
1333 582 1495 626 eisdem
1528 598 1792 639 successura,

135 654 374 714 ubicunque
420 655 593 709 vellent,
635 654 835 700 manendi
879 654 941 699 fas
984 654 1204 699 haberent.
1239 654 1381 699 Cucus
1427 666 1572 699 autern
1605 654 1790 700 reddidit

134 726 255 784 Bude
294 727 534 785 pecuniam,
575 742 704 786 quam
747 726 907 771 scilicet
951 726 1068 771 Buda
1108 741 1187 784 pro
1233 726 1327 783 ipso
1374 725 1561 781 dederat,
1606 727 1791 772 scilicet:

136 797 238 843 duas
269 814 432 844 marcas
465 810 508 844 et
539 798 767 844 dimidiam.

763 942 841 986 Nr.
879 957 964 1001 374
1007 941 1154 1001 (127.)

278 1026 466 1085 Populus
512 1026 714 1071 ecclesiae
759 1026 1027 1070 Bistriensis³
1074 1025 1126 1070 de
1171 1025 1268 1070 villa
1313 1026 1460 1084 Suptal
1506 1026 1793 1083 impetierunt

135 1098 311 1143 nomine
342 1097 442 1142 Tub
474 1097 526 1143 de
557 1097 657 1142 villa
689 1098 844 1142 Fives⁴
877 1113 956 1155 pro
988 1097 1205 1151 violentia,
1239 1097 1447 1151 dicentes,
1493 1098 1633 1156 ipsum
1680 1114 1790 1158 qua-

137 1171 267 1215 tuor⁵
299 1186 434 1230 equos
466 1182 510 1215 et
541 1186 618 1216 sex
650 1170 785 1214 boues
830 1170 879 1214 ab
918 1170 979 1214 eis
1023 1169 1238 1214 violenter
1271 1169 1508 1227 abstulisse,
1553 1182 1792 1228 praeterea,

138 1241 255 1302 quod
287 1254 373 1287 tres
405 1242 521 1287 viros
554 1254 597 1287 et
634 1258 763 1286 vnam
794 1242 1018 1286 mulierem
1063 1242 1248 1300 graviter
1277 1242 1546 1286 vulnerasset
1579 1254 1622 1286 et
1655 1259 1791 1287 unum

137 1314 278 1359 virum
321 1330 508 1374 quoque,
552 1313 792 1368 abductum,
839 1314 1008 1358 occulte
1061 1314 1276 1359 retineret.
1311 1314 1436 1368 Quae
1488 1315 1635 1358 omnia
1688 1330 1789 1358 cum

137 1397 401 1431 memoratus
445 1386 543 1430 Tub
587 1398 799 1445 negasset,
836 1386 1066 1440 Ladislaus,
1105 1401 1251 1430 comes
1292 1386 1537 1430 Bachiensis
1572 1398 1616 1430 et
1658 1387 1790 1431 iudex

138 1459 293 1513 curiae,
325 1473 402 1516 per
433 1457 697 1516 pristaldum‚
729 1458 906 1502 nomine
940 1458 1183 1503 Gabrielem
1215 1458 1268 1502 de
1301 1457 1400 1502 villa
1432 1458 1640 1512 Oztanca,
1672 1459 1791 1511 misit

135 1529 189 1575 ad
205 1545 387 1575 examen
409 1530 510 1575 ferri
532 1530 750 1575 candentis
770 1530 1047 1585 Varadinum,
1068 1530 1137 1574 vbi
1156 1545 1265 1574 vnus
1288 1530 1340 1575 de
1362 1530 1583 1588 praedicto
1607 1532 1789 1589 populo,

133 1602 311 1646 nomine
355 1602 545 1657 Buchud,
587 1613 763 1660 portato
807 1617 887 1660 pro
933 1618 979 1647 se
1025 1614 1067 1646 et
1113 1618 1192 1661 pro
1239 1601 1488 1648 conuillanis
1533 1604 1619 1647 suis
1652 1603 1788 1658 ferro,

131 1673 386 1719 iustificatus
419 1686 494 1719 est.
527 1675 576 1718 In
609 1674 760 1719 eadem
793 1686 937 1718 tamen
969 1675 1209 1732 septimana
1240 1674 1365 1719 abbas
1399 1674 1653 1729 Bistriensis‚
1687 1691 1789 1720 curn

133 1745 310 1790 deberet
340 1746 478 1791 iurare
511 1757 554 1791 et
598 1746 769 1790 soluere
813 1746 1015 1790 iudicium
1059 1758 1304 1791 memorato
1350 1746 1594 1791 aduersario
1639 1748 1786 1806 populi

135 1818 212 1872 sui,
244 1833 334 1862 non
365 1817 442 1862 fuit
473 1817 678 1862 Varadini
709 1833 789 1862 nec
833 1818 999 1871 iuravit,
1043 1834 1122 1863 nec
1167 1818 1383 1872 iudicium,
1429 1835 1514 1878 quo
1561 1819 1788 1864 tenebatur

134 1889 352 1948 persoluit.
385 1890 525 1934 Porro
557 1890 806 1934 nominatus
850 1889 962 1942 Tub,
994 1890 1210 1944 iudicium,
1243 1889 1479 1934 secundum
1524 1892 1787 1936 sententiam

132 1960 339 2019 praedicti
368 1961 534 2015 iudicis,
566 1962 611 2005 in
643 1976 730 2020 quo
763 1962 1000 2015 tenebatur,
1032 1961 1344 2006 condemnatus
1366 1974 1431 2006 est
1452 1977 1553 2021 erga
1573 1963 1787 2021 populum

134 2033 424 2088 Bistriensem,
469 2031 669 2077 videlicet
721 2045 822 2077 octo
879 2048 1043 2078 marcas
1087 2046 1129 2078 et
1174 2033 1326 2078 decem
1381 2049 1548 2092 pensas,
1594 2036 1788 2080 totaliter

132 2105 350 2162 persoluit,
383 2105 506 2149 nobis
537 2105 830 2163 praesentibus
862 2105 905 2149 in
938 2120 1089 2149 manus
1121 2106 1285 2163 Lyther
1317 2118 1361 2151 et
1399 2107 1529 2161 Pons,
1572 2123 1782 2165 procura-

132 2188 278 2222 torum
309 2177 362 2222 de
400 2177 565 2229 Bistria,
600 2192 710 2236 quos
741 2177 823 2235 ipsi
856 2178 1153 2235 cognovimus,
1186 2179 1242 2222 ita
1276 2178 1393 2238 quod
1424 2179 1550 2223 ambo
1584 2179 1626 2222 in
1665 2179 1786 2223 nullo

133 2260 384 2294 tenerentur
414 2263 493 2308 pro
524 2249 605 2293 hac
638 2264 775 2293 causa.

279 2380 290 2402 ¹
317 2381 358 2417 In
383 2381 544 2418 editione
570 2383 735 2429 principe
762 2393 937 2418 erronee:
965 2382 1167 2430 quomod0.

275 2440 290 2460 ²
314 2442 358 2477 In
384 2441 547 2478 editione
573 2443 737 2489 principe
764 2453 940 2478 erronee:
968 2442 1066 2489 quod
1092 2443 1238 2490 quando
1267 2444 1354 2490 ipse.

278 2501 292 2522 ²
317 2501 582 2538 Monasterium
608 2502 681 2538 hoc
707 2503 798 2538 olim
826 2514 845 2537 a
872 2502 1071 2538 Temesvalr
1097 2503 1281 2539 orientem
1307 2514 1430 2538 versus
1450 2504 1544 2539 inter
1564 2503 1730 2538 Mosnica
1751 2511 1787 2539 et

133 2560 438 2598 Temes·Remete
462 2561 587 2608 viguit.

276 2620 292 2640 ⁴
316 2621 422 2657 Nunc
448 2621 542 2657 Fibis
568 2623 606 2657 in
633 2633 730 2658 com.
758 2621 903 2658 Temes.

277 2681 291 2701 ⁵
316 2681 357 2716 In
384 2681 545 2717 editione
571 2683 760 2729 principe:
788 2690 968 2729 quattuor.
