<?xml version="1.0" encoding="UTF-8"?>
<!DOCTYPE html PUBLIC "-//W3C//DTD XHTML 1.0 Transitional//EN"
    "http://www.w3.org/TR/xhtml1/DTD/xhtml1-transitional.dtd">
<html xmlns="http://www.w3.org/1999/xhtml" xml:lang="en" lang="en">
 <head>
  <title>
</title>
<meta http-equiv="Content-Type" content="text/html;charset=utf-8" />
  <meta name='ocr-system' content='tesseract 3.04.00' />
  <meta name='ocr-capabilities' content='ocr_page ocr_carea ocr_par ocr_line ocrx_word'/>
</head>
<body>
  <div class='ocr_page' id='page_1' title='image "./regestrumvaradin00nagyuoft_0274.png"; bbox 0 0 2170 3210; ppageno 0'>
   <div class='ocr_carea' id='block_1_1' title="bbox 427 153 471 199">
    <p class='ocr_par' dir='ltr' id='par_1_1' title="bbox 427 153 471 199">
     <span class='ocr_line' id='line_1_1' title="bbox 427 153 471 199; baseline 0 -12"><span class='ocrx_word' id='word_1_1' title='bbox 427 153 471 199; x_wconf 90' lang='lat'>98</span> 
     </span>
    </p>
   </div>
   <div class='ocr_carea' id='block_1_2' title="bbox 418 293 2054 2699">
    <p class='ocr_par' dir='ltr' id='par_1_2' title="bbox 425 293 2054 781">
     <span class='ocr_line' id='line_1_2' title="bbox 427 293 2051 353; baseline 0.002 -15"><span class='ocrx_word' id='word_1_2' title='bbox 427 308 514 338; x_wconf 90' lang='lat' dir='ltr'>tem</span> <span class='ocrx_word' id='word_1_3' title='bbox 545 293 831 337; x_wconf 78' lang='lat' dir='ltr'>Nitriensem»</span> <span class='ocrx_word' id='word_1_4' title='bbox 867 293 1127 351; x_wconf 86' lang='lat' dir='ltr'>appellando.</span> <span class='ocrx_word' id='word_1_5' title='bbox 1163 320 1216 326; x_wconf 88' lang='lat'><strong>—</strong></span> <span class='ocrx_word' id='word_1_6' title='bbox 1260 295 1509 338; x_wconf 84' lang='lat' dir='ltr'>Laurentius</span> <span class='ocrx_word' id='word_1_7' title='bbox 1553 295 1663 339; x_wconf 89' lang='lat' dir='ltr'>filius</span> <span class='ocrx_word' id='word_1_8' title='bbox 1694 297 1855 353; x_wconf 89' lang='lat' dir='ltr'>Atyusz</span> <span class='ocrx_word' id='word_1_9' title='bbox 1899 296 2051 341; x_wconf 90' lang='lat' dir='ltr'>iisdem</span> 
     </span>
     <span class='ocr_line' id='line_1_3' title="bbox 426 364 2054 426; baseline 0.002 -17"><span class='ocrx_word' id='word_1_10' title='bbox 426 365 543 409; x_wconf 92' lang='lat' dir='ltr'>annis</span> <span class='ocrx_word' id='word_1_11' title='bbox 575 379 767 408; x_wconf 90' lang='lat' dir='ltr'>summos</span> <span class='ocrx_word' id='word_1_12' title='bbox 808 364 1059 423; x_wconf 86' lang='lat' dir='ltr'>dignitatum</span> <span class='ocrx_word' id='word_1_13' title='bbox 1096 365 1248 423; x_wconf 89' lang='lat' dir='ltr'>gradus</span> <span class='ocrx_word' id='word_1_14' title='bbox 1280 366 1444 423; x_wconf 92' lang='lat' dir='ltr'>saepius</span> <span class='ocrx_word' id='word_1_15' title='bbox 1491 367 1636 413; x_wconf 87' lang='lat' dir='ltr'>tenuit.</span> <span class='ocrx_word' id='word_1_16' title='bbox 1685 368 1890 412; x_wconf 90' lang='lat' dir='ltr'>Asserere</span> <span class='ocrx_word' id='word_1_17' title='bbox 1931 382 2054 426; x_wconf 86' lang='lat' dir='ltr'>erg0,</span> 
     </span>
     <span class='ocr_line' id='line_1_4' title="bbox 425 436 2049 496; baseline 0.002 -16"><span class='ocrx_word' id='word_1_18' title='bbox 425 448 521 482; x_wconf 88' lang='lat' dir='ltr'>test.</span> <span class='ocrx_word' id='word_1_19' title='bbox 552 451 614 480; x_wconf 90' lang='lat' dir='ltr'>nr.</span> <span class='ocrx_word' id='word_1_20' title='bbox 649 450 730 494; x_wconf 88' lang='lat'>339</span> <span class='ocrx_word' id='word_1_21' title='bbox 765 437 889 494; x_wconf 88' lang='lat'><strong>(246)</strong></span> <span class='ocrx_word' id='word_1_22' title='bbox 921 436 1103 481; x_wconf 89' lang='lat' dir='ltr'>iudicem</span> <span class='ocrx_word' id='word_1_23' title='bbox 1134 437 1346 496; x_wconf 89' lang='lat' dir='ltr'>quendam</span> <span class='ocrx_word' id='word_1_24' title='bbox 1377 436 1642 482; x_wconf 89' lang='lat' dir='ltr'>documentis</span> <span class='ocrx_word' id='word_1_25' title='bbox 1664 437 1787 482; x_wconf 90' lang='lat' dir='ltr'>huius</span> <span class='ocrx_word' id='word_1_26' title='bbox 1809 439 1903 483; x_wconf 90' lang='lat' dir='ltr'>aevi</span> <span class='ocrx_word' id='word_1_27' title='bbox 1923 439 2049 496; x_wconf 89' lang='lat' dir='ltr'>peni-</span> 
     </span>
     <span class='ocr_line' id='line_1_5' title="bbox 426 507 2050 570; baseline 0.002 -19"><span class='ocrx_word' id='word_1_28' title='bbox 426 521 493 552; x_wconf 82' lang='lat' dir='ltr'>tus</span> <span class='ocrx_word' id='word_1_29' title='bbox 525 509 721 566; x_wconf 89' lang='lat' dir='ltr'>ignotum</span> <span class='ocrx_word' id='word_1_30' title='bbox 753 507 975 566; x_wconf 88' lang='lat' dir='ltr'>appellare,</span> <span class='ocrx_word' id='word_1_31' title='bbox 1005 509 1174 552; x_wconf 89' lang='lat' dir='ltr'>veritati</span> <span class='ocrx_word' id='word_1_32' title='bbox 1205 520 1473 567; x_wconf 85' lang='lat' dir='ltr'>repugnaret.</span> <span class='ocrx_word' id='word_1_33' title='bbox 1511 509 1700 553; x_wconf 89' lang='lat' dir='ltr'>Nomina</span> <span class='ocrx_word' id='word_1_34' title='bbox 1732 525 1901 570; x_wconf 90' lang='lat' dir='ltr'>quoque</span> <span class='ocrx_word' id='word_1_35' title='bbox 1922 510 2050 554; x_wconf 91' lang='lat' dir='ltr'>loco—</span> 
     </span>
     <span class='ocr_line' id='line_1_6' title="bbox 426 580 2051 639; baseline 0.002 -16"><span class='ocrx_word' id='word_1_36' title='bbox 426 596 522 624; x_wconf 90' lang='lat' dir='ltr'>rum</span> <span class='ocrx_word' id='word_1_37' title='bbox 551 580 675 623; x_wconf 92' lang='lat' dir='ltr'>huius</span> <span class='ocrx_word' id='word_1_38' title='bbox 708 590 803 624; x_wconf 90' lang='lat' dir='ltr'>test.</span> <span class='ocrx_word' id='word_1_39' title='bbox 835 591 923 623; x_wconf 88' lang='lat' dir='ltr'>tam</span> <span class='ocrx_word' id='word_1_40' title='bbox 954 580 1130 638; x_wconf 87' lang='lat' dir='ltr'>integra,</span> <span class='ocrx_word' id='word_1_41' title='bbox 1162 580 1575 639; x_wconf 89' lang='lat' dir='ltr'>orthographiaeque</span> <span class='ocrx_word' id='word_1_42' title='bbox 1607 581 1716 624; x_wconf 92' lang='lat' dir='ltr'>illius</span> <span class='ocrx_word' id='word_1_43' title='bbox 1748 581 1842 625; x_wconf 86' lang='lat' dir='ltr'>aevi</span> <span class='ocrx_word' id='word_1_44' title='bbox 1861 596 2051 626; x_wconf 85' lang='lat' dir='ltr'>consona</span> 
     </span>
     <span class='ocr_line' id='line_1_7' title="bbox 426 652 2050 710; baseline 0.001 -14"><span class='ocrx_word' id='word_1_45' title='bbox 426 663 641 709; x_wconf 86' lang='lat' dir='ltr'>apparent,</span> <span class='ocrx_word' id='word_1_46' title='bbox 672 663 717 695; x_wconf 92' lang='lat' dir='ltr'>ut</span> <span class='ocrx_word' id='word_1_47' title='bbox 748 652 960 695; x_wconf 90' lang='lat' dir='ltr'>notarium</span> <span class='ocrx_word' id='word_1_48' title='bbox 992 652 1163 709; x_wconf 88' lang='lat' dir='ltr'>registri</span> <span class='ocrx_word' id='word_1_49' title='bbox 1205 652 1484 709; x_wconf 88' lang='lat' dir='ltr'>ignorantiae,</span> <span class='ocrx_word' id='word_1_50' title='bbox 1527 652 1842 710; x_wconf 88' lang='lat' dir='ltr'>typographum</span> <span class='ocrx_word' id='word_1_51' title='bbox 1878 668 1982 697; x_wconf 88' lang='lat' dir='ltr'>vero</span> <span class='ocrx_word' id='word_1_52' title='bbox 2015 668 2050 698; x_wconf 88' lang='lat' dir='ltr'>a.</span> 
     </span>
     <span class='ocr_line' id='line_1_8' title="bbox 429 722 1616 781; baseline -0.001 -14"><span class='ocrx_word' id='word_1_53' title='bbox 429 736 540 781; x_wconf 82' lang='lat'>1550</span> <span class='ocrx_word' id='word_1_54' title='bbox 573 722 881 780; x_wconf 88' lang='lat' dir='ltr'>depravationis</span> <span class='ocrx_word' id='word_1_55' title='bbox 911 722 1154 766; x_wconf 88' lang='lat' dir='ltr'>insimulare</span> <span class='ocrx_word' id='word_1_56' title='bbox 1186 723 1459 767; x_wconf 90' lang='lat' dir='ltr'>temerarium</span> <span class='ocrx_word' id='word_1_57' title='bbox 1491 733 1616 766; x_wconf 78' lang='lat' dir='ltr'>esset,</span> 
     </span>
    </p>

    <p class='ocr_par' dir='ltr' id='par_1_3' title="bbox 423 793 2051 1139">
     <span class='ocr_line' id='line_1_9' title="bbox 569 793 2050 853; baseline 0.001 -16"><span class='ocrx_word' id='word_1_58' title='bbox 569 793 613 838; x_wconf 92' lang='lat' dir='ltr'>Si</span> <span class='ocrx_word' id='word_1_59' title='bbox 644 808 749 837; x_wconf 89' lang='lat' dir='ltr'>vero</span> <span class='ocrx_word' id='word_1_60' title='bbox 781 805 977 851; x_wconf 89' lang='lat' dir='ltr'>tempore</span> <span class='ocrx_word' id='word_1_61' title='bbox 1010 794 1093 837; x_wconf 88' lang='lat' dir='ltr'>litis</span> <span class='ocrx_word' id='word_1_62' title='bbox 1125 795 1168 837; x_wconf 91' lang='lat' dir='ltr'>in</span> <span class='ocrx_word' id='word_1_63' title='bbox 1200 805 1295 840; x_wconf 89' lang='lat' dir='ltr'>test.</span> <span class='ocrx_word' id='word_1_64' title='bbox 1327 810 1386 838; x_wconf 88' lang='lat' dir='ltr'>nr.</span> <span class='ocrx_word' id='word_1_65' title='bbox 1423 808 1504 853; x_wconf 86' lang='lat'>339</span> <span class='ocrx_word' id='word_1_66' title='bbox 1537 794 1657 852; x_wconf 87' lang='lat'><strong>(246)</strong></span> <span class='ocrx_word' id='word_1_67' title='bbox 1679 794 1912 852; x_wconf 88' lang='lat' dir='ltr'>descriptae</span> <span class='ocrx_word' id='word_1_68' title='bbox 1933 795 2050 839; x_wconf 91' lang='lat' dir='ltr'>Lau—</span> 
     </span>
     <span class='ocr_line' id='line_1_10' title="bbox 425 864 2051 922; baseline 0 -12"><span class='ocrx_word' id='word_1_69' title='bbox 425 866 587 910; x_wconf 89' lang='lat' dir='ltr'>rentius</span> <span class='ocrx_word' id='word_1_70' title='bbox 618 864 765 909; x_wconf 89' lang='lat' dir='ltr'>iudicis</span> <span class='ocrx_word' id='word_1_71' title='bbox 797 865 935 909; x_wconf 91' lang='lat' dir='ltr'>curiae</span> <span class='ocrx_word' id='word_1_72' title='bbox 967 865 1096 922; x_wconf 90' lang='lat' dir='ltr'>Regis</span> <span class='ocrx_word' id='word_1_73' title='bbox 1129 877 1171 908; x_wconf 89' lang='lat' dir='ltr'>et</span> <span class='ocrx_word' id='word_1_74' title='bbox 1202 866 1372 909; x_wconf 89' lang='lat' dir='ltr'>comitis</span> <span class='ocrx_word' id='word_1_75' title='bbox 1394 866 1620 910; x_wconf 89' lang='lat' dir='ltr'>Nitriensis</span> <span class='ocrx_word' id='word_1_76' title='bbox 1657 881 1810 909; x_wconf 89' lang='lat' dir='ltr'>munus</span> <span class='ocrx_word' id='word_1_77' title='bbox 1842 866 2051 920; x_wconf 89' lang='lat' dir='ltr'>sustinuit,</span> 
     </span>
     <span class='ocr_line' id='line_1_11' title="bbox 423 936 2049 996; baseline -0.001 -14"><span class='ocrx_word' id='word_1_78' title='bbox 423 937 643 982; x_wconf 88' lang='lat' dir='ltr'>fasciculus</span> <span class='ocrx_word' id='word_1_79' title='bbox 659 936 727 981; x_wconf 89' lang='lat' dir='ltr'>hic</span> <span class='ocrx_word' id='word_1_80' title='bbox 741 948 911 995; x_wconf 90' lang='lat' dir='ltr'>quartus</span> <span class='ocrx_word' id='word_1_81' title='bbox 927 952 962 980; x_wconf 90' lang='lat' dir='ltr'>a.</span> <span class='ocrx_word' id='word_1_82' title='bbox 984 950 1090 994; x_wconf 85' lang='lat'><strong>1223</strong></span> <span class='ocrx_word' id='word_1_83' title='bbox 1109 936 1287 980; x_wconf 91' lang='lat' dir='ltr'>adscribi</span> <span class='ocrx_word' id='word_1_84' title='bbox 1299 937 1458 996; x_wconf 88' lang='lat' dir='ltr'>nequit,</span> <span class='ocrx_word' id='word_1_85' title='bbox 1472 937 1568 995; x_wconf 93' lang='lat' dir='ltr'>quia</span> <span class='ocrx_word' id='word_1_86' title='bbox 1590 952 1613 980; x_wconf 91' lang='lat' dir='ltr'>a</span> <span class='ocrx_word' id='word_1_87' title='bbox 1634 951 1782 980; x_wconf 89' lang='lat' dir='ltr'>mense</span> <span class='ocrx_word' id='word_1_88' title='bbox 1803 937 2049 981; x_wconf 88' lang='lat' dir='ltr'>Decembris</span> 
     </span>
     <span class='ocr_line' id='line_1_12' title="bbox 425 1008 2051 1067; baseline -0.001 -14"><span class='ocrx_word' id='word_1_89' title='bbox 425 1025 458 1054; x_wconf 87' lang='lat' dir='ltr'>a.</span> <span class='ocrx_word' id='word_1_90' title='bbox 497 1022 603 1066; x_wconf 88' lang='lat'><strong>1223</strong></span> <span class='ocrx_word' id='word_1_91' title='bbox 639 1023 772 1066; x_wconf 90' lang='lat' dir='ltr'>usque</span> <span class='ocrx_word' id='word_1_92' title='bbox 795 1023 951 1051; x_wconf 90' lang='lat' dir='ltr'>annum</span> <span class='ocrx_word' id='word_1_93' title='bbox 989 1022 1112 1066; x_wconf 91' lang='lat'><strong>1224,</strong></span> <span class='ocrx_word' id='word_1_94' title='bbox 1144 1023 1248 1065; x_wconf 89' lang='lat' dir='ltr'>ergo</span> <span class='ocrx_word' id='word_1_95' title='bbox 1280 1008 1449 1066; x_wconf 89' lang='lat' dir='ltr'>integro</span> <span class='ocrx_word' id='word_1_96' title='bbox 1470 1023 1582 1052; x_wconf 91' lang='lat' dir='ltr'>anno</span> <span class='ocrx_word' id='word_1_97' title='bbox 1611 1021 1717 1066; x_wconf 83' lang='lat'><strong>1223</strong></span> <span class='ocrx_word' id='word_1_98' title='bbox 1740 1008 1856 1051; x_wconf 89' lang='lat' dir='ltr'>Batiz</span> <span class='ocrx_word' id='word_1_99' title='bbox 1879 1008 2051 1067; x_wconf 91' lang='lat' dir='ltr'>(Botyz)</span> 
     </span>
     <span class='ocr_line' id='line_1_13' title="bbox 424 1078 1443 1139; baseline 0 -15"><span class='ocrx_word' id='word_1_100' title='bbox 424 1080 626 1139; x_wconf 87' lang='lat' dir='ltr'>dignitate</span> <span class='ocrx_word' id='word_1_101' title='bbox 658 1079 804 1123; x_wconf 90' lang='lat' dir='ltr'>iudicis</span> <span class='ocrx_word' id='word_1_102' title='bbox 837 1079 975 1123; x_wconf 91' lang='lat' dir='ltr'>curiae</span> <span class='ocrx_word' id='word_1_103' title='bbox 1007 1079 1135 1137; x_wconf 88' lang='lat' dir='ltr'>Regis</span> <span class='ocrx_word' id='word_1_104' title='bbox 1167 1078 1334 1123; x_wconf 88' lang='lat' dir='ltr'>functus</span> <span class='ocrx_word' id='word_1_105' title='bbox 1367 1090 1443 1125; x_wconf 90' lang='lat' dir='ltr'>est.</span> 
     </span>
    </p>

    <p class='ocr_par' dir='ltr' id='par_1_4' title="bbox 418 1150 2052 2699">
     <span class='ocr_line' id='line_1_14' title="bbox 565 1150 2050 1209; baseline -0.001 -14"><span class='ocrx_word' id='word_1_106' title='bbox 565 1151 731 1195; x_wconf 89' lang='lat' dir='ltr'>Mentio</span> <span class='ocrx_word' id='word_1_107' title='bbox 762 1152 905 1209; x_wconf 87' lang='lat' dir='ltr'>itaque</span> <span class='ocrx_word' id='word_1_108' title='bbox 939 1150 1206 1208; x_wconf 88' lang='lat' dir='ltr'>episcopatus</span> <span class='ocrx_word' id='word_1_109' title='bbox 1250 1150 1467 1208; x_wconf 85' lang='lat' dir='ltr'>Agriensis</span> <span class='ocrx_word' id='word_1_110' title='bbox 1511 1150 1710 1194; x_wconf 89' lang='lat' dir='ltr'>Thomae</span> <span class='ocrx_word' id='word_1_111' title='bbox 1754 1166 1843 1195; x_wconf 91' lang='lat' dir='ltr'>non</span> <span class='ocrx_word' id='word_1_112' title='bbox 1884 1150 2050 1208; x_wconf 88' lang='lat' dir='ltr'>patitur,</span> 
     </span>
     <span class='ocr_line' id='line_1_15' title="bbox 423 1221 2052 1279; baseline 0 -13"><span class='ocrx_word' id='word_1_113' title='bbox 423 1234 469 1267; x_wconf 92' lang='lat' dir='ltr'>ut</span> <span class='ocrx_word' id='word_1_114' title='bbox 501 1222 613 1266; x_wconf 89' lang='lat' dir='ltr'>hunc</span> <span class='ocrx_word' id='word_1_115' title='bbox 644 1222 889 1266; x_wconf 86' lang='lat' dir='ltr'>fasciculum</span> <span class='ocrx_word' id='word_1_116' title='bbox 927 1221 979 1266; x_wconf 91' lang='lat' dir='ltr'>ad</span> <span class='ocrx_word' id='word_1_117' title='bbox 1021 1237 1177 1266; x_wconf 89' lang='lat' dir='ltr'>annum</span> <span class='ocrx_word' id='word_1_118' title='bbox 1227 1235 1339 1279; x_wconf 90' lang='lat'><strong>1224</strong></span> <span class='ocrx_word' id='word_1_119' title='bbox 1381 1222 1655 1276; x_wconf 79' lang='lat' dir='ltr'>collocemUS‚</span> <span class='ocrx_word' id='word_1_120' title='bbox 1701 1237 1857 1266; x_wconf 88' lang='lat' dir='ltr'>munus</span> <span class='ocrx_word' id='word_1_121' title='bbox 1903 1221 2052 1266; x_wconf 89' lang='lat' dir='ltr'>iudicis</span> 
     </span>
     <span class='ocr_line' id='line_1_16' title="bbox 422 1292 2049 1351; baseline -0.001 -13"><span class='ocrx_word' id='word_1_122' title='bbox 422 1294 561 1339; x_wconf 91' lang='lat' dir='ltr'>curiae</span> <span class='ocrx_word' id='word_1_123' title='bbox 593 1293 722 1351; x_wconf 87' lang='lat' dir='ltr'>Regis</span> <span class='ocrx_word' id='word_1_124' title='bbox 754 1294 983 1337; x_wconf 90' lang='lat' dir='ltr'>Laurentio</span> <span class='ocrx_word' id='word_1_125' title='bbox 1025 1294 1285 1351; x_wconf 87' lang='lat' dir='ltr'>assignatum</span> <span class='ocrx_word' id='word_1_126' title='bbox 1331 1308 1420 1337; x_wconf 92' lang='lat' dir='ltr'>non</span> <span class='ocrx_word' id='word_1_127' title='bbox 1451 1294 1674 1351; x_wconf 89' lang='lat' dir='ltr'>permittit,</span> <span class='ocrx_word' id='word_1_128' title='bbox 1719 1305 1766 1337; x_wconf 91' lang='lat' dir='ltr'>ut</span> <span class='ocrx_word' id='word_1_129' title='bbox 1798 1292 1980 1337; x_wconf 90' lang='lat' dir='ltr'>eundem</span> <span class='ocrx_word' id='word_1_130' title='bbox 2013 1308 2049 1337; x_wconf 87' lang='lat' dir='ltr'>a.</span> 
     </span>
     <span class='ocr_line' id='line_1_17' title="bbox 428 1364 2049 1422; baseline -0.001 -13"><span class='ocrx_word' id='word_1_131' title='bbox 428 1379 538 1410; x_wconf 92' lang='lat'><strong>1220</strong></span> <span class='ocrx_word' id='word_1_132' title='bbox 583 1365 827 1418; x_wconf 85' lang='lat' dir='ltr'>tribuamus,</span> <span class='ocrx_word' id='word_1_133' title='bbox 871 1364 1051 1422; x_wconf 88' lang='lat' dir='ltr'>dignitas</span> <span class='ocrx_word' id='word_1_134' title='bbox 1099 1364 1271 1409; x_wconf 88' lang='lat' dir='ltr'>tandem</span> <span class='ocrx_word' id='word_1_135' title='bbox 1315 1365 1414 1408; x_wconf 88' lang='lat' dir='ltr'>Bani</span> <span class='ocrx_word' id='word_1_136' title='bbox 1462 1365 1544 1408; x_wconf 89' lang='lat' dir='ltr'>iam</span> <span class='ocrx_word' id='word_1_137' title='bbox 1590 1364 1803 1408; x_wconf 89' lang='lat' dir='ltr'>Salamoni</span> <span class='ocrx_word' id='word_1_138' title='bbox 1846 1379 2049 1408; x_wconf 87' lang='lat' dir='ltr'>concessa</span> 
     </span>
     <span class='ocr_line' id='line_1_18' title="bbox 423 1434 2046 1493; baseline -0.002 -12"><span class='ocrx_word' id='word_1_139' title='bbox 423 1439 601 1481; x_wconf 91' lang='lat' dir='ltr'>omnino</span> <span class='ocrx_word' id='word_1_140' title='bbox 633 1447 760 1488; x_wconf 89' lang='lat' dir='ltr'>vetat,</span> <span class='ocrx_word' id='word_1_141' title='bbox 795 1447 962 1493; x_wconf 91' lang='lat' dir='ltr'>tempus</span> <span class='ocrx_word' id='word_1_142' title='bbox 995 1438 1239 1480; x_wconf 88' lang='lat' dir='ltr'>examinum</span> <span class='ocrx_word' id='word_1_143' title='bbox 1260 1436 1382 1479; x_wconf 91' lang='lat' dir='ltr'>huius</span> <span class='ocrx_word' id='word_1_144' title='bbox 1403 1436 1588 1479; x_wconf 88' lang='lat' dir='ltr'>fasciculi</span> <span class='ocrx_word' id='word_1_145' title='bbox 1610 1447 1707 1479; x_wconf 88' lang='lat' dir='ltr'>ante</span> <span class='ocrx_word' id='word_1_146' title='bbox 1729 1451 1762 1480; x_wconf 90' lang='lat' dir='ltr'>a.</span> <span class='ocrx_word' id='word_1_147' title='bbox 1789 1448 1898 1479; x_wconf 92' lang='lat'><strong>1222</strong></span> <span class='ocrx_word' id='word_1_148' title='bbox 1921 1434 2046 1478; x_wconf 90' lang='lat' dir='ltr'>inda—</span> 
     </span>
     <span class='ocr_line' id='line_1_19' title="bbox 422 1506 2046 1567; baseline -0.002 -14"><span class='ocrx_word' id='word_1_149' title='bbox 422 1525 532 1567; x_wconf 87' lang='lat' dir='ltr'>gare.</span> <span class='ocrx_word' id='word_1_150' title='bbox 566 1507 898 1553; x_wconf 87' lang='lat' dir='ltr'>Consistendum</span> <span class='ocrx_word' id='word_1_151' title='bbox 930 1523 1035 1565; x_wconf 88' lang='lat' dir='ltr'>ergo</span> <span class='ocrx_word' id='word_1_152' title='bbox 1068 1507 1188 1551; x_wconf 90' lang='lat' dir='ltr'>nobis</span> <span class='ocrx_word' id='word_1_153' title='bbox 1233 1518 1298 1551; x_wconf 92' lang='lat' dir='ltr'>est</span> <span class='ocrx_word' id='word_1_154' title='bbox 1342 1507 1383 1551; x_wconf 90' lang='lat' dir='ltr'>in</span> <span class='ocrx_word' id='word_1_155' title='bbox 1430 1522 1540 1550; x_wconf 89' lang='lat' dir='ltr'>anno</span> <span class='ocrx_word' id='word_1_156' title='bbox 1580 1520 1688 1550; x_wconf 89' lang='lat'><strong>1222</strong></span> <span class='ocrx_word' id='word_1_157' title='bbox 1734 1518 1777 1550; x_wconf 90' lang='lat' dir='ltr'>et</span> <span class='ocrx_word' id='word_1_158' title='bbox 1820 1506 1903 1550; x_wconf 94' lang='lat' dir='ltr'>hoc</span> <span class='ocrx_word' id='word_1_159' title='bbox 1934 1521 2046 1550; x_wconf 88' lang='lat' dir='ltr'>anno</span> 
     </span>
     <span class='ocr_line' id='line_1_20' title="bbox 423 1577 2045 1640; baseline -0.002 -16"><span class='ocrx_word' id='word_1_160' title='bbox 423 1579 685 1640; x_wconf 88' lang='lat' dir='ltr'>quaerendus</span> <span class='ocrx_word' id='word_1_161' title='bbox 718 1579 888 1632; x_wconf 91' lang='lat' dir='ltr'>mensis,</span> <span class='ocrx_word' id='word_1_162' title='bbox 920 1594 1004 1637; x_wconf 94' lang='lat' dir='ltr'>quo</span> <span class='ocrx_word' id='word_1_163' title='bbox 1037 1578 1232 1622; x_wconf 91' lang='lat' dir='ltr'>Thomas</span> <span class='ocrx_word' id='word_1_164' title='bbox 1271 1578 1494 1635; x_wconf 91' lang='lat' dir='ltr'>episcopus</span> <span class='ocrx_word' id='word_1_165' title='bbox 1525 1578 1760 1635; x_wconf 88' lang='lat' dir='ltr'>Agriensis,</span> <span class='ocrx_word' id='word_1_166' title='bbox 1794 1577 2045 1621; x_wconf 89' lang='lat' dir='ltr'>Laurentius</span> 
     </span>
     <span class='ocr_line' id='line_1_21' title="bbox 420 1649 2043 1709; baseline -0.003 -13"><span class='ocrx_word' id='word_1_167' title='bbox 420 1652 544 1696; x_wconf 86' lang='lat' dir='ltr'>iudex</span> <span class='ocrx_word' id='word_1_168' title='bbox 578 1652 715 1695; x_wconf 88' lang='lat' dir='ltr'>curiae</span> <span class='ocrx_word' id='word_1_169' title='bbox 749 1663 874 1709; x_wconf 91' lang='lat' dir='ltr'>atque</span> <span class='ocrx_word' id='word_1_170' title='bbox 906 1650 1103 1694; x_wconf 90' lang='lat' dir='ltr'>Salamon</span> <span class='ocrx_word' id='word_1_171' title='bbox 1135 1649 1265 1693; x_wconf 88' lang='lat' dir='ltr'>banus</span> <span class='ocrx_word' id='word_1_172' title='bbox 1312 1649 1437 1692; x_wconf 91' lang='lat' dir='ltr'>simul</span> <span class='ocrx_word' id='word_1_173' title='bbox 1482 1663 1659 1694; x_wconf 88' lang='lat' dir='ltr'>munera</span> <span class='ocrx_word' id='word_1_174' title='bbox 1690 1664 1764 1692; x_wconf 91' lang='lat' dir='ltr'>sua</span> <span class='ocrx_word' id='word_1_175' title='bbox 1809 1658 2043 1705; x_wconf 86' lang='lat' dir='ltr'>gesserunt.</span> 
     </span>
     <span class='ocr_line' id='line_1_22' title="bbox 419 1719 2045 1778; baseline -0.003 -11"><span class='ocrx_word' id='word_1_176' title='bbox 419 1724 690 1767; x_wconf 87' lang='lat' dir='ltr'>Documenta</span> <span class='ocrx_word' id='word_1_177' title='bbox 720 1733 823 1766; x_wconf 89' lang='lat' dir='ltr'>nota</span> <span class='ocrx_word' id='word_1_178' title='bbox 855 1721 951 1765; x_wconf 89' lang='lat' dir='ltr'>anni</span> <span class='ocrx_word' id='word_1_179' title='bbox 982 1722 1145 1778; x_wconf 86' lang='lat' dir='ltr'>signata</span> <span class='ocrx_word' id='word_1_180' title='bbox 1175 1721 1368 1773; x_wconf 88' lang='lat' dir='ltr'>innuunt,</span> <span class='ocrx_word' id='word_1_181' title='bbox 1407 1720 1679 1763; x_wconf 89' lang='lat' dir='ltr'>Salamonem</span> <span class='ocrx_word' id='word_1_182' title='bbox 1721 1719 1842 1763; x_wconf 88' lang='lat' dir='ltr'>initio</span> <span class='ocrx_word' id='word_1_183' title='bbox 1886 1719 2045 1763; x_wconf 88' lang='lat' dir='ltr'>mensis</span> 
     </span>
     <span class='ocr_line' id='line_1_23' title="bbox 421 1789 2038 1838; baseline -0.002 0"><span class='ocrx_word' id='word_1_184' title='bbox 421 1794 624 1838; x_wconf 88' lang='lat' dir='ltr'>Octobris</span> <span class='ocrx_word' id='word_1_185' title='bbox 657 1805 727 1837; x_wconf 91' lang='lat' dir='ltr'>aut</span> <span class='ocrx_word' id='word_1_186' title='bbox 759 1793 811 1837; x_wconf 91' lang='lat' dir='ltr'>ad</span> <span class='ocrx_word' id='word_1_187' title='bbox 841 1808 1056 1838; x_wconf 90' lang='lat' dir='ltr'>summum</span> <span class='ocrx_word' id='word_1_188' title='bbox 1099 1792 1184 1835; x_wconf 89' lang='lat' dir='ltr'>fine</span> <span class='ocrx_word' id='word_1_189' title='bbox 1228 1807 1283 1836; x_wconf 90' lang='grc'>111.</span> <span class='ocrx_word' id='word_1_190' title='bbox 1316 1791 1519 1835; x_wconf 90' lang='lat' dir='ltr'>Octobris</span> <span class='ocrx_word' id='word_1_191' title='bbox 1550 1792 1694 1834; x_wconf 89' lang='lat' dir='ltr'>munia</span> <span class='ocrx_word' id='word_1_192' title='bbox 1724 1790 1860 1835; x_wconf 92' lang='lat' dir='ltr'>adhuc</span> <span class='ocrx_word' id='word_1_193' title='bbox 1891 1789 2038 1834; x_wconf 92' lang='lat' dir='ltr'>iudicis</span> 
     </span>
     <span class='ocr_line' id='line_1_24' title="bbox 421 1860 2046 1918; baseline -0.003 -9"><span class='ocrx_word' id='word_1_194' title='bbox 421 1866 560 1909; x_wconf 91' lang='lat' dir='ltr'>curiae</span> <span class='ocrx_word' id='word_1_195' title='bbox 593 1865 789 1918; x_wconf 88' lang='lat' dir='ltr'>obivisse,</span> <span class='ocrx_word' id='word_1_196' title='bbox 832 1879 978 1908; x_wconf 91' lang='lat' dir='ltr'>mense</span> <span class='ocrx_word' id='word_1_197' title='bbox 1009 1879 1114 1907; x_wconf 88' lang='lat' dir='ltr'>vero</span> <span class='ocrx_word' id='word_1_198' title='bbox 1161 1862 1401 1916; x_wconf 89' lang='lat' dir='ltr'>Decembri,</span> <span class='ocrx_word' id='word_1_199' title='bbox 1432 1873 1477 1905; x_wconf 92' lang='lat' dir='ltr'>ut</span> <span class='ocrx_word' id='word_1_200' title='bbox 1506 1863 1593 1906; x_wconf 89' lang='lat' dir='ltr'>iam</span> <span class='ocrx_word' id='word_1_201' title='bbox 1625 1861 1819 1915; x_wconf 85' lang='lat' dir='ltr'>diximus,</span> <span class='ocrx_word' id='word_1_202' title='bbox 1849 1861 1961 1905; x_wconf 88' lang='lat' dir='ltr'>Batiz</span> <span class='ocrx_word' id='word_1_203' title='bbox 1994 1860 2046 1905; x_wconf 88' lang='lat' dir='ltr'>ad</span> 
     </span>
     <span class='ocr_line' id='line_1_25' title="bbox 421 1932 2043 1994; baseline -0.003 -14"><span class='ocrx_word' id='word_1_204' title='bbox 421 1937 672 1994; x_wconf 87' lang='lat' dir='ltr'>dignitatem</span> <span class='ocrx_word' id='word_1_205' title='bbox 704 1936 813 1979; x_wconf 91' lang='lat' dir='ltr'>hanc</span> <span class='ocrx_word' id='word_1_206' title='bbox 843 1946 1096 1992; x_wconf 85' lang='lat' dir='ltr'>provectum</span> <span class='ocrx_word' id='word_1_207' title='bbox 1127 1949 1234 1978; x_wconf 87' lang='lat' dir='ltr'>esse.</span> <span class='ocrx_word' id='word_1_208' title='bbox 1267 1934 1381 1991; x_wconf 88' lang='lat' dir='ltr'>Ergo</span> <span class='ocrx_word' id='word_1_209' title='bbox 1426 1934 1538 1977; x_wconf 90' lang='lat' dir='ltr'>inter</span> <span class='ocrx_word' id='word_1_210' title='bbox 1567 1933 1890 1990; x_wconf 89' lang='lat' dir='ltr'>provectionem</span> <span class='ocrx_word' id='word_1_211' title='bbox 1921 1932 2043 1976; x_wconf 89' lang='lat' dir='ltr'>Sala-</span> 
     </span>
     <span class='ocr_line' id='line_1_26' title="bbox 419 2003 2045 2061; baseline -0.004 -9"><span class='ocrx_word' id='word_1_212' title='bbox 419 2008 560 2052; x_wconf 90' lang='lat' dir='ltr'>monis</span> <span class='ocrx_word' id='word_1_213' title='bbox 592 2008 644 2057; x_wconf 84' lang='lat' dir='ltr'>ad</span> <span class='ocrx_word' id='word_1_214' title='bbox 675 2008 771 2051; x_wconf 89' lang='lat' dir='ltr'>bani</span> <span class='ocrx_word' id='word_1_215' title='bbox 802 2019 845 2051; x_wconf 90' lang='lat' dir='ltr'>et</span> <span class='ocrx_word' id='word_1_216' title='bbox 876 2007 990 2050; x_wconf 88' lang='lat' dir='ltr'>Batiz</span> <span class='ocrx_word' id='word_1_217' title='bbox 1010 2006 1063 2050; x_wconf 92' lang='lat' dir='ltr'>ad</span> <span class='ocrx_word' id='word_1_218' title='bbox 1093 2006 1238 2050; x_wconf 89' lang='lat' dir='ltr'>iudicis</span> <span class='ocrx_word' id='word_1_219' title='bbox 1268 2006 1406 2049; x_wconf 89' lang='lat' dir='ltr'>curiae</span> <span class='ocrx_word' id='word_1_220' title='bbox 1428 2005 1617 2048; x_wconf 90' lang='lat' dir='ltr'>honores</span> <span class='ocrx_word' id='word_1_221' title='bbox 1649 2004 1881 2061; x_wconf 88' lang='lat' dir='ltr'>reperimus</span> <span class='ocrx_word' id='word_1_222' title='bbox 1905 2003 2045 2047; x_wconf 91' lang='lat' dir='ltr'>solum</span> 
     </span>
     <span class='ocr_line' id='line_1_27' title="bbox 421 2074 2041 2138; baseline -0.003 -16"><span class='ocrx_word' id='word_1_223' title='bbox 421 2079 579 2138; x_wconf 89' lang='lat' dir='ltr'>aliquot</span> <span class='ocrx_word' id='word_1_224' title='bbox 618 2077 917 2131; x_wconf 90' lang='lat' dir='ltr'>hebdomadas,</span> <span class='ocrx_word' id='word_1_225' title='bbox 955 2078 1167 2121; x_wconf 90' lang='lat' dir='ltr'>mensium</span> <span class='ocrx_word' id='word_1_226' title='bbox 1212 2091 1365 2133; x_wconf 91' lang='lat' dir='ltr'>nempe</span> <span class='ocrx_word' id='word_1_227' title='bbox 1410 2074 1612 2119; x_wconf 89' lang='lat' dir='ltr'>Octobris</span> <span class='ocrx_word' id='word_1_228' title='bbox 1656 2086 1726 2118; x_wconf 91' lang='lat' dir='ltr'>aut</span> <span class='ocrx_word' id='word_1_229' title='bbox 1769 2074 2041 2127; x_wconf 88' lang='lat' dir='ltr'>Novembris,</span> 
     </span>
     <span class='ocr_line' id='line_1_28' title="bbox 422 2145 2043 2210; baseline -0.004 -16"><span class='ocrx_word' id='word_1_230' title='bbox 422 2150 571 2210; x_wconf 91' lang='lat' dir='ltr'>quibus</span> <span class='ocrx_word' id='word_1_231' title='bbox 603 2149 852 2193; x_wconf 87' lang='lat' dir='ltr'>Laurentius</span> <span class='ocrx_word' id='word_1_232' title='bbox 884 2148 1125 2192; x_wconf 89' lang='lat' dir='ltr'>muneribus</span> <span class='ocrx_word' id='word_1_233' title='bbox 1157 2147 1302 2191; x_wconf 90' lang='lat' dir='ltr'>iudicis</span> <span class='ocrx_word' id='word_1_234' title='bbox 1336 2147 1474 2191; x_wconf 90' lang='lat' dir='ltr'>curiae</span> <span class='ocrx_word' id='word_1_235' title='bbox 1517 2158 1559 2190; x_wconf 92' lang='lat' dir='ltr'>et</span> <span class='ocrx_word' id='word_1_236' title='bbox 1604 2145 1772 2190; x_wconf 92' lang='lat' dir='ltr'>comitis</span> <span class='ocrx_word' id='word_1_237' title='bbox 1815 2145 2043 2189; x_wconf 90' lang='lat' dir='ltr'>Nitriensis</span> 
     </span>
     <span class='ocr_line' id='line_1_29' title="bbox 418 2216 2040 2279; baseline -0.004 -14"><span class='ocrx_word' id='word_1_238' title='bbox 418 2231 612 2279; x_wconf 89' lang='lat' dir='ltr'>praeesse</span> <span class='ocrx_word' id='word_1_239' title='bbox 644 2221 794 2277; x_wconf 89' lang='lat' dir='ltr'>potuit.</span> <span class='ocrx_word' id='word_1_240' title='bbox 828 2221 904 2263; x_wconf 87' lang='lat' dir='ltr'>His</span> <span class='ocrx_word' id='word_1_241' title='bbox 948 2221 1090 2278; x_wconf 89' lang='lat' dir='ltr'>itaque</span> <span class='ocrx_word' id='word_1_242' title='bbox 1129 2217 1360 2262; x_wconf 90' lang='lat' dir='ltr'>rationibus</span> <span class='ocrx_word' id='word_1_243' title='bbox 1411 2217 1583 2270; x_wconf 91' lang='lat' dir='ltr'>inducti,</span> <span class='ocrx_word' id='word_1_244' title='bbox 1632 2217 1877 2260; x_wconf 89' lang='lat' dir='ltr'>fasciculum</span> <span class='ocrx_word' id='word_1_245' title='bbox 1926 2216 2040 2259; x_wconf 90' lang='lat' dir='ltr'>hunc</span> 
     </span>
     <span class='ocr_line' id='line_1_30' title="bbox 419 2288 2041 2346; baseline -0.004 -9"><span class='ocrx_word' id='word_1_246' title='bbox 419 2292 555 2337; x_wconf 90' lang='lat' dir='ltr'>mensi</span> <span class='ocrx_word' id='word_1_247' title='bbox 575 2291 834 2336; x_wconf 89' lang='lat' dir='ltr'>Novembris</span> <span class='ocrx_word' id='word_1_248' title='bbox 857 2308 890 2336; x_wconf 91' lang='lat' dir='ltr'>a.</span> <span class='ocrx_word' id='word_1_249' title='bbox 929 2304 1037 2334; x_wconf 91' lang='lat'><strong>1222</strong></span> <span class='ocrx_word' id='word_1_250' title='bbox 1070 2289 1355 2334; x_wconf 89' lang='lat' dir='ltr'>adscribimus.</span> <span class='ocrx_word' id='word_1_251' title='bbox 1393 2289 1503 2332; x_wconf 90' lang='lat' dir='ltr'>Huic</span> <span class='ocrx_word' id='word_1_252' title='bbox 1535 2288 1809 2346; x_wconf 89' lang='lat' dir='ltr'>assignationi</span> <span class='ocrx_word' id='word_1_253' title='bbox 1849 2299 2041 2332; x_wconf 89' lang='lat' dir='ltr'>caeterae</span> 
     </span>
     <span class='ocr_line' id='line_1_31' title="bbox 421 2359 2042 2422; baseline -0.004 -15"><span class='ocrx_word' id='word_1_254' title='bbox 421 2378 590 2422; x_wconf 89' lang='lat' dir='ltr'>quoque</span> <span class='ocrx_word' id='word_1_255' title='bbox 621 2374 750 2406; x_wconf 90' lang='lat' dir='ltr'>notae</span> <span class='ocrx_word' id='word_1_256' title='bbox 783 2363 987 2419; x_wconf 90' lang='lat' dir='ltr'>temporis</span> <span class='ocrx_word' id='word_1_257' title='bbox 1009 2372 1263 2418; x_wconf 92' lang='lat' dir='ltr'>congruunt.</span> <span class='ocrx_word' id='word_1_258' title='bbox 1283 2360 1330 2404; x_wconf 92' lang='lat' dir='ltr'>Id</span> <span class='ocrx_word' id='word_1_259' title='bbox 1352 2362 1491 2403; x_wconf 92' lang='lat' dir='ltr'>solum</span> <span class='ocrx_word' id='word_1_260' title='bbox 1527 2360 1718 2403; x_wconf 89' lang='lat' dir='ltr'>nonnulli</span> <span class='ocrx_word' id='word_1_261' title='bbox 1740 2359 1828 2403; x_wconf 89' lang='lat' dir='ltr'>fors</span> <span class='ocrx_word' id='word_1_262' title='bbox 1859 2359 2042 2402; x_wconf 90' lang='lat' dir='ltr'>moleste</span> 
     </span>
     <span class='ocr_line' id='line_1_32' title="bbox 420 2429 2042 2488; baseline -0.004 -10"><span class='ocrx_word' id='word_1_263' title='bbox 420 2435 570 2488; x_wconf 89' lang='lat' dir='ltr'>ferent,</span> <span class='ocrx_word' id='word_1_264' title='bbox 598 2434 871 2477; x_wconf 88' lang='lat' dir='ltr'>Laurentium</span> <span class='ocrx_word' id='word_1_265' title='bbox 901 2434 1013 2476; x_wconf 92' lang='lat' dir='ltr'>hunc</span> <span class='ocrx_word' id='word_1_266' title='bbox 1058 2447 1203 2476; x_wconf 86' lang='lat' dir='ltr'>mense</span> <span class='ocrx_word' id='word_1_267' title='bbox 1235 2430 1483 2475; x_wconf 90' lang='lat' dir='ltr'>Decembris</span> <span class='ocrx_word' id='word_1_268' title='bbox 1526 2431 1610 2473; x_wconf 91' lang='lat' dir='ltr'>iam</span> <span class='ocrx_word' id='word_1_269' title='bbox 1657 2445 1833 2474; x_wconf 90' lang='lat' dir='ltr'>munere</span> <span class='ocrx_word' id='word_1_270' title='bbox 1874 2429 2042 2473; x_wconf 91' lang='lat' dir='ltr'>comitis</span> 
     </span>
     <span class='ocr_line' id='line_1_33' title="bbox 418 2501 2040 2562; baseline -0.004 -13"><span class='ocrx_word' id='word_1_271' title='bbox 418 2505 715 2556; x_wconf 89' lang='lat' dir='ltr'>Novi-Castri‚</span> <span class='ocrx_word' id='word_1_272' title='bbox 747 2504 865 2561; x_wconf 90' lang='lat' dir='ltr'>fungi</span> <span class='ocrx_word' id='word_1_273' title='bbox 896 2514 1019 2562; x_wconf 85' lang='lat' dir='ltr'>atque</span> <span class='ocrx_word' id='word_1_274' title='bbox 1051 2514 1224 2560; x_wconf 87' lang='lat' dir='ltr'>propter</span> <span class='ocrx_word' id='word_1_275' title='bbox 1255 2502 1362 2545; x_wconf 88' lang='lat' dir='ltr'>hanc</span> <span class='ocrx_word' id='word_1_276' title='bbox 1405 2512 1596 2544; x_wconf 91' lang='lat' dir='ltr'>nostram</span> <span class='ocrx_word' id='word_1_277' title='bbox 1642 2501 2040 2545; x_wconf 88' lang='lat' dir='ltr'>determinationem</span> 
     </span>
     <span class='ocr_line' id='line_1_34' title="bbox 420 2572 2041 2630; baseline -0.004 -10"><span class='ocrx_word' id='word_1_278' title='bbox 420 2577 596 2620; x_wconf 90' lang='lat' dir='ltr'>comites</span> <span class='ocrx_word' id='word_1_279' title='bbox 641 2575 947 2619; x_wconf 87' lang='lat' dir='ltr'>Borsodienses</span> <span class='ocrx_word' id='word_1_280' title='bbox 993 2573 1099 2618; x_wconf 92' lang='lat' dir='ltr'>duos</span> <span class='ocrx_word' id='word_1_281' title='bbox 1144 2588 1351 2617; x_wconf 89' lang='lat' dir='ltr'>asserrere</span> <span class='ocrx_word' id='word_1_282' title='bbox 1400 2583 1601 2629; x_wconf 89' lang='lat' dir='ltr'>oportere</span> <span class='ocrx_word' id='word_1_283' title='bbox 1644 2572 1770 2630; x_wconf 78' lang='lat' dir='ltr'>(Posa</span> <span class='ocrx_word' id='word_1_284' title='bbox 1816 2586 1968 2628; x_wconf 89' lang='lat' dir='ltr'>nempe</span> <span class='ocrx_word' id='word_1_285' title='bbox 2017 2585 2041 2613; x_wconf 90' lang='lat' dir='ltr'>e</span> 
     </span>
     <span class='ocr_line' id='line_1_35' title="bbox 420 2641 2040 2699; baseline -0.004 -8"><span class='ocrx_word' id='word_1_286' title='bbox 420 2646 679 2691; x_wconf 90' lang='lat' dir='ltr'>documento</span> <span class='ocrx_word' id='word_1_287' title='bbox 712 2657 863 2690; x_wconf 90' lang='lat' dir='ltr'>notum</span> <span class='ocrx_word' id='word_1_288' title='bbox 894 2657 937 2688; x_wconf 91' lang='lat' dir='ltr'>et</span> <span class='ocrx_word' id='word_1_289' title='bbox 974 2645 1240 2689; x_wconf 87' lang='lat' dir='ltr'>Demetrium</span> <span class='ocrx_word' id='word_1_290' title='bbox 1289 2642 1521 2687; x_wconf 91' lang='lat' dir='ltr'>secundum</span> <span class='ocrx_word' id='word_1_291' title='bbox 1567 2654 1660 2687; x_wconf 88' lang='lat' dir='ltr'>test.</span> <span class='ocrx_word' id='word_1_292' title='bbox 1705 2658 1764 2687; x_wconf 86' lang='lat' dir='ltr'>nr.</span> <span class='ocrx_word' id='word_1_293' title='bbox 1802 2656 1879 2699; x_wconf 85' lang='lat'>341</span> <span class='ocrx_word' id='word_1_294' title='bbox 1916 2641 2040 2699; x_wconf 90' lang='lat'><strong>(248)</strong></span> 
     </span>
    </p>
   </div>
  </div>
 </body>
</html>
