2170 3210
1729 154 1770 190 75

149 289 495 335 testimoniorum
532 287 799 346 digestorum
830 286 884 332 ad
914 287 1060 331 vivum
1109 287 1347 345 exprimere
1393 285 1615 344 cupiendo,
1657 285 1786 330 etiam

149 371 399 420 argumenta
443 370 539 404 test.
584 361 654 404 26.
711 370 755 404 et
810 372 864 416 54
913 358 1056 416 paucis
1110 358 1373 416 exponimus.
1417 357 1539 404 Test.
1594 372 1654 402 nr.
1714 358 1782 401 26.

151 443 317 478 enarrat
346 446 528 476 examen
559 429 893 483 ferricandends,
916 428 1032 489 quod
1051 429 1347 473 venditionem
1368 444 1512 473 rerum
1535 427 1787 474 furtivarum

151 502 402 548 monstravit
445 518 469 546 a
523 503 658 556 Masa,
713 500 853 546 incola
910 500 1010 558 pagi
1060 500 1202 545 Sorou
1250 511 1479 558 peractam.
1553 499 1672 546 Test.
1722 516 1785 544 nr.

155 589 209 633 54
239 572 372 635 (150)
404 573 767 619 continuationem
798 571 922 616 huius
954 587 1075 616 casus
1106 571 1249 624 refert,
1281 571 1351 615 ubi
1381 571 1526 629 legere
1548 585 1788 628 possumus,

150 645 364 690 infelicem
394 644 559 689 Masam
591 643 641 688 ab
673 642 922 688 adversariis
954 643 1039 686 suis
1071 653 1288 700 portatum
1329 642 1458 686 fuisse
1489 642 1542 686 ad
1594 642 1788 691 iudicem,

150 729 197 761 ut
240 731 319 761 ceu
363 715 509 773 culpae
553 715 773 759 convictus
817 713 1161 772 suspenderetur.
1206 714 1410 758 Attamen
1454 713 1597 757 medio
1636 714 1787 758 itinere

150 789 271 832 Masa
309 787 473 845 elapsus
517 786 571 830 ad
608 785 829 831 ecclesiam
877 785 1023 843 oppidi
1069 785 1192 829 Bihar
1235 784 1355 843 fugit.
1410 785 1520 829 Hinc
1562 785 1789 831 adversarii

150 859 215 904 sui
246 874 346 903 eum
375 857 613 910 interficere
644 857 873 916 nequibant
906 856 1090 915 quidem,
1122 855 1198 900 sed
1227 855 1415 900 vendere
1449 871 1545 900 eum
1589 868 1789 915 poterant

150 945 335 975 unacum
380 929 537 973 familia
579 944 654 973 sua
696 943 775 986 pro
820 928 1053 986 mancipiis
1097 928 1150 972 Et
1194 942 1344 972 revera
1386 927 1626 972 vendebant
1678 944 1789 983 eum,

151 1016 333 1045 uxorem
374 1015 507 1053 suam,
538 1011 624 1043 tres
653 998 764 1043 filios
808 1010 851 1042 et
893 1013 918 1043 2
965 999 1071 1043 filias
1115 1014 1210 1043 suas
1244 998 1395 1043 decem
1425 999 1578 1043 marcis
1611 999 1787 1044 domino

151 1071 373 1116 Absoloni.
405 1071 486 1115 Hic
515 1085 621 1116 vero
654 1071 762 1115 hanc
805 1071 1030 1128 pecuniam
1073 1085 1219 1115 coram
1264 1070 1475 1114 canonicis
1520 1070 1788 1116 Varadinen-

152 1144 284 1197 sibus,
340 1142 589 1187 centurione
652 1141 898 1194 Bihariensi‚
963 1141 1158 1195 Caesare,
1222 1141 1395 1200 aliisque
1471 1141 1788 1200 jobbagionibus

153 1212 502 1275 (contribulibus)
546 1213 856 1257 Bihariensibus
889 1213 1029 1258 solvit.
1060 1213 1176 1257 Inter
1207 1228 1388 1257 examen
1428 1213 1529 1257 ferri
1572 1213 1788 1258 candentis

151 1285 329 1330 infelicis
360 1285 495 1339 Masa‚
526 1285 700 1343 eiusque
732 1283 889 1342 fugam,
930 1299 1061 1342 porro
1105 1285 1215 1328 inter
1245 1283 1539 1329 venditionem
1582 1286 1788 1344 pretiique

150 1357 411 1402 solutionem
455 1355 508 1400 ad
551 1371 767 1400 summum
813 1356 972 1414 aliquot
1015 1370 1184 1399 menses
1228 1355 1335 1400 elabi
1394 1368 1604 1413 poterant.
1662 1356 1788 1400 Unde

151 1430 260 1473 sicut
293 1439 389 1473 test.
423 1442 482 1471 nr.
518 1429 572 1470 26
606 1438 725 1471 certo
772 1443 806 1471 a.
856 1441 963 1485 1213
1011 1427 1194 1485 registro
1239 1426 1397 1471 illatam
1440 1439 1517 1481 est,
1557 1427 1617 1471 sic
1661 1428 1789 1471 etiam

150 1511 246 1544 test.
277 1515 339 1544 nr.
376 1512 431 1556 54
463 1497 619 1542 eodem
651 1513 763 1542 anno
798 1497 1050 1542 adnotatum
1082 1509 1157 1542 est.

293 1665 433 1718 Test.
450 1682 523 1717 nr.
551 1665 715 1716 68——1
734 1683 751 1716 1
771 1683 787 1716 1
817 1665 926 1735 (68,
951 1668 1174 1735 69—73‚
1204 1682 1461 1733 74—103‚
1500 1681 1788 1735 104—107‚

161 1751 428 1803 108—111
472 1747 607 1816 prius
649 1765 764 1817 374,
808 1765 1104 1816 295—299,
1152 1765 1443 1817 300—329‚
1494 1749 1787 1818 287——29o‚

162 1831 462 1900 170—173)
501 1830 677 1898 scripta
715 1848 753 1881 a.
802 1849 950 1898 1214.

294 1925 469 1968 Fascem
500 1923 623 1967 huius
656 1924 765 1977 anni,
798 1935 842 1966 ut
874 1923 1018 1968 videre
1050 1924 1160 1978 licet,
1192 1935 1288 1969 test.
1321 1940 1381 1970 nr.
1426 1925 1480 1968 68
1525 1937 1567 1968 et
1609 1937 1790 1983 quatuor

152 1995 341 2041 fasciculi
372 1995 648 2039 constituunt.

203 2056 206 2059 ’
293 2066 568 2111 Testimonio
600 2081 660 2110 nr.
695 2067 749 2110 68
783 2065 916 2125 (374)
948 2066 1038 2123 ipse
1070 2067 1259 2111 notarius
1291 2067 1475 2124 Capituli
1489 2067 1788 2111 Varadinensis

152 2138 369 2196 adscripsit
401 2152 569 2181 annum.
609 2136 755 2190 Quare
800 2136 867 2181 hic
914 2136 1156 2195 diligentior
1198 2138 1242 2182 in
1278 2137 1452 2196 figendo
1501 2150 1696 2196 tempore
1741 2154 1788 2182 ac

151 2209 253 2254 alias
284 2209 372 2260 fuit,
406 2208 526 2252 facile
564 2208 694 2267 liquet
738 2219 1038 2266 argumentum
1074 2209 1197 2253 huius
1242 2221 1338 2254 test.
1384 2210 1576 2254 intuenti.
1620 2210 1789 2254 Etenim

152 2281 235 2325 hoc
266 2291 362 2325 test.
393 2295 480 2323 non
512 2278 564 2323 de
598 2280 711 2323 exitu
745 2279 948 2323 examinis
980 2279 1081 2324 ferri
1112 2280 1329 2325 candentis
1361 2281 1459 2339 agit,
1492 2293 1537 2325 ut
1558 2281 1788 2338 praemissa

153 2351 412 2404 testimonia,
443 2349 517 2395 sed
548 2350 600 2394 de
634 2350 812 2408 simplici
844 2350 1090 2395 venditione
1119 2363 1257 2396 terrae
1284 2351 1514 2398 distinctae.
1536 2351 1661 2396 Unde
1684 2352 1790 2396 haec

152 2421 370 2467 adnotatio
402 2421 513 2465 haud
545 2422 656 2465 inter
688 2433 855 2466 caetera
887 2422 1129 2467 testimonia
1169 2423 1373 2467 examinis
1418 2422 1517 2467 ferri
1561 2422 1789 2473 candentis,

151 2493 300 2537 stricto
341 2491 489 2536 ordine
535 2508 580 2536 se
624 2493 807 2537 invicem
848 2493 1110 2550 excipientia,
1159 2494 1289 2539 relata
1338 2506 1415 2548 est,
1447 2494 1522 2538 sed
1560 2494 1788 2537 verosimi—

153 2564 248 2608 liter
279 2562 498 2607 distinctae
529 2564 716 2622 pagellae
737 2564 936 2621 inscripta
951 2564 1142 2624 adeoque
1158 2577 1260 2610 nota
1274 2566 1478 2623 temporis
1492 2564 1678 2622 praedita
1700 2564 1787 2609 fuit.

295 2634 405 2678 Cum
439 2645 582 2677 autem
614 2635 674 2679 sic
706 2651 839 2679 nexus
872 2635 982 2679 inter
1014 2647 1106 2681 test.
1140 2652 1200 2681 nr.
1236 2638 1290 2680 68
1314 2647 1562 2694 caeteraque
1587 2651 1648 2679 nr.
1674 2638 1776 2691 69-
