2170 3210
490 330 620 370 terea
657 316 777 370 dico·
805 316 963 378 vobis,
1002 317 1170 370 omnia
1213 309 1421 388 quecqu
1472 324 1633 372 orites
1682 321 1868 389 petitis,
1919 337 2031 372 cre-

492 406 585 457 dite
624 405 732 473 quia
770 404 1021 474 accipietis,
1059 407 1108 459 &
1144 406 1267 458 fient
1302 406 1459 459 vobis

1090 493 1439 547 Offertorium.

527 581 603 633 De
652 580 917 650 profundis
967 580 1172 633 clamaui
1220 581 1280 634 ad
1328 595 1376 635 te
1426 582 1643 644 domine,
1694 582 1896 635 domine
1945 601 2038 636 ex-

493 669 605 721 audi
640 686 822 722 vocem
861 686 1042 722 meam.

1162 759 1368 811 Secreta.

529 845 870 914 Omnipotens
937 845 1232 914 sempiterne
1300 845 1434 908 deus,
1503 847 1585 915 qui
1646 865 1751 901 non
1811 847 2037 902 sacrifici-

494 951 642 986 orum
698 934 971 987 ambitione
1027 933 1238 1003 placariS‚
1292 934 1375 988 sed
1425 933 1588 988 studio
1648 935 1738 1003 piae
1799 935 2035 989 deuotio-

493 1022 574 1074 nis
633 1021 857 1083 intendi8‚
920 1024 995 1075 Da
1054 1019 1245 1074 famulis
1293 1022 1403 1083 tuis,
1451 1021 1600 1074 fidem
1652 1026 1850 1085 rectam,
1899 1022 2037 1093 spem

493 1110 842 1172 inconcussam,
879 1112 927 1164 &
965 1128 1053 1163 cor
1089 1110 1350 1174 mundum,
1387 1122 1438 1162 vt
1485 1110 1621 1172 fides
1667 1112 1757 1176 hec
1806 1111 1893 1164 tibi
1939 1109 2040 1164 do-

494 1217 556 1251 na
593 1197 830 1260 conciliet,
868 1200 917 1252 &
954 1197 1202 1251 humilitas
1239 1198 1569 1252 commendet.
1606 1217 1639 1266 p
1678 1211 1769 1252 ete.

526 1283 528 1286 ¹
1075 1285 1452 1339 Communium.

562 1375 730 1427 Amen
792 1373 904 1427 dico
964 1374 1123 1436 vobis,
1184 1374 1412 1443 quicquid
1472 1386 1666 1427 orantes
1719 1375 1893 1444 petitis,
1955 1393 2035 1430 cre

494 1460 591 1514 dite
629 1462 742 1532 quia
778 1462 1035 1531 accipieti8‚
1073 1464 1122 1516 &
1157 1461 1243 1514 fiet
1278 1462 1434 1515 vobis,

563 1550 707 1604 Tunc
757 1550 1042 1603 comunicet
1091 1549 1314 1603 sacerdos
1372 1550 1683 1602 criminatum
1737 1549 1819 1603 seu
1877 1568 1964 1603 ac-

982 1639 1217 1700 cusatum,
1255 1638 1334 1691 his
1370 1638 1542 1690 verbis.

529 1726 722 1794 Corpus
784 1726 972 1779 domini
1034 1727 1181 1782 nostri
1242 1727 1350 1780 Iesu
1408 1726 1595 1787 Christi,
1646 1726 1702 1777 fit
1750 1726 1834 1779 tibi
1883 1725 2034 1779 hodie

492 1813 553 1865 ad
590 1814 1062 1883 comprobationem
1098 1814 1198 1866 veri
1236 1814 1406 1881 iudicij.
1443 1816 1618 1867 Amen.

899 1901 1076 1956 Oratio
1112 1905 1221 1971 post
1256 1903 1629 1954 comunionem.

526 1989 718 2043 Fideles
754 2002 888 2043 tuos,
918 1991 1056 2043 Deus
1104 2003 1287 2060 ppetua
1336 1990 1467 2043 dona
1517 1989 1791 2053 confirmet,
1842 1990 1891 2042 &
1937 2006 2035 2042 vo-

491 2089 539 2130 ta
594 2080 754 2133 nostra
808 2096 903 2146 que
957 2078 1297 2148 prgueniendo
1353 2078 1541 2146 aspira3‚
1591 2077 1746 2130 eciam
1793 2075 2034 2129 adiuuan-

492 2166 559 2218 do
596 2169 903 2235 prosequere.
940 2184 1028 2235 per
1066 2166 1220 2220 don.
1262 2177 1352 2218 etc.

596 2254 795 2307 Perasta
856 2253 990 2307 missa
1044 2266 1165 2323 pgat
1218 2253 1455 2314 sacerdos,
1513 2270 1626 2304 cum
1676 2269 1830 2312 cruce,
1879 2253 1929 2305 &

595 2360 719 2410 aqua
767 2341 1039 2403 benedicta,
1090 2343 1138 2395 δι
1194 2341 1352 2411 plebe,
1411 2339 1470 2392 ad
1525 2339 1706 2401 locum,
1760 2339 1841 2392 vbi
1893 2358 1928 2407 p

554 2421 727 2482 'batio
787 2430 891 2483 fieri
959 2428 1117 2484 debet.
1188 2429 1390 2496 Impmis
1464 2427 1653 2481 dicatur
1726 2427 1926 2496 Septem

595 2517 769 2571 Psalmi
842 2515 1207 2586 poenitentiales,
1281 2534 1397 2569 cum
1468 2514 1654 2575 letania,
1718 2515 1769 2567 in
1830 2532 1926 2582 qua

804 2603 1144 2657 interserantur
1205 2604 1254 2656 hi
1316 2603 1418 2654 duo
1479 2601 1714 2656 versiculi.

1826 2689 1892 2740 Vt
1927 2688 2028 2740 ius-
