2170 3210
462 161 534 196 240

467 294 648 339 eandem
680 306 838 338 terram
869 295 959 339 iure
990 295 1273 340 haereditario
1305 295 1537 353 possidere.
1570 296 1778 340 Martinus
1807 311 1911 355 ergo
1934 311 2095 350 comeS,

466 365 595 410 frater
626 365 769 419 Seud‚¹
801 377 1029 424 praecepto
1061 367 1172 425 regis
1205 366 1445 420 discutien8‚
1475 366 1617 424 posuit
1648 367 2095 429 superxiuramentum

468 436 692 481 Leonardi.
709 436 798 491 Qui
812 452 939 495 super
953 437 1222 495 sepulchrum
1235 438 1367 482 sancti
1380 438 1508 496 Regis
1521 437 1702 482 Ladislai
1723 453 1869 483 coram
1890 437 2094 496 pristaldo

466 507 592 565 regi5‚
622 508 796 552 nomine
829 507 984 561 Toma,
1013 509 1102 553 filio
1134 509 1233 567 Tup
1267 509 1318 553 de
1352 509 1448 553 villa
1479 509 1608 563 Mata,
1639 521 1682 554 et
1727 525 1870 554 coram
1907 510 2092 569 capitulo

466 577 717 623 Varadiensi
747 580 902 634 iurans,
932 579 1179 624 iustificatus
1210 592 1285 625 est.

1090 725 1166 768 Nr.
1199 736 1297 782 231.
1331 721 1476 782 (112.)

605 805 793 850 Cureus²
828 817 870 850 et
902 806 1030 850 frater
1063 807 1151 850 eius
1183 806 1296 850 Beda
1328 806 1380 850 de
1411 806 1510 851 villa
1542 806 1783 864 Chytmeu³
1825 807 2095 865 litigaverunt

466 891 566 920 cum
597 876 741 920 Toma
772 888 815 921 et
846 877 1008 935 Mavog
1040 877 1092 922 de
1125 877 1275 922 eadem
1306 878 1404 921 villa
1431 893 1575 922 coram
1607 878 1807 922 Smaraco
1838 878 2010 923 Comite
2041 876 2096 922 de

467 949 629 1001 Poson,
661 949 731 1007 qui
764 948 991 993 discutiens
1024 965 1099 993 eos
1131 964 1206 1006 per
1236 949 1485 1007 pristaldum
1506 965 1631 994 suum
1652 950 1903 1008 Chequeum
1925 949 1978 994 de
2000 948 2098 992 villa

465 1020 682 1064 Gormot4
715 1020 830 1065 misit
862 1020 914 1064 ad
945 1035 1125 1064 examen
1156 1020 1258 1065 ferri
1289 1021 1509 1065 candentis
1541 1020 1812 1065 Varadinum.
1842 1019 1926 1064 Ubi
1967 1034 2095 1077 prae-

466 1091 569 1135 dicti
603 1091 768 1135 Tomas
801 1104 842 1136 et
863 1092 1023 1149 Mavog
1046 1104 1336 1136 convenerunt
1357 1092 1455 1136 dare
1475 1092 1721 1136 adversariis
1744 1091 1829 1135 suis
1850 1090 2098 1143 Euresdino,

471 1174 513 1206 et
544 1162 662 1207 fratri
694 1163 782 1207 eius
814 1162 929 1219 Bede
961 1178 1088 1207 unam
1120 1178 1307 1207 marcam
1346 1175 1388 1207 et
1431 1163 1558 1207 iidem
1601 1162 1802 1221 pristaldo
1845 1161 2096 1207 satisfacere.

468 1232 620 1277 Iudicis
652 1249 756 1278 vero
789 1245 954 1291 partem
986 1234 1147 1278 Eureus
1178 1245 1220 1278 et
1252 1234 1364 1278 Beda
1396 1235 1494 1278 dare
1528 1245 1833 1290 convenerunt.

1090 1377 1165 1420 Nr.
1197 1390 1295 1434 232.
1327 1375 1471 1435 (113.)

606 1459 704 1517 Ocy
737 1460 787 1504 de
821 1460 918 1504 villa
950 1461 1175 1504 Solumus⁵
1207 1460 1389 1517 impetiit
1431 1472 1610 1519 quatuor
1650 1459 1927 1517 ioubagiones
1971 1458 2096 1502 Belae
2163 1452 2165 1454 ’

468 1532 521 1576 de
553 1532 649 1576 villa
682 1532 907 1576 Guolozka
939 1532 991 1576 de
1024 1531 1151 1585 furto,
1183 1547 1365 1590 quorum
1395 1532 1569 1588 nomina
1599 1542 1695 1574 sunt
1726 1530 1847 1574 haec:
1869 1529 2094 1582 Modoros,

471 1603 656 1656 Chebae,
688 1603 870 1660 Chymp,
903 1614 945 1646 et
976 1602 1079 1656 Bud,
1110 1602 1247 1646 iudice
1279 1602 1432 1656 Tobia,
1464 1602 1606 1647 curiali
1638 1602 1794 1646 comite
1827 1601 1879 1645 de
1901 1600 2094 1654 Zounuk,

471 1686 514 1718 et
545 1674 680 1718 altero
713 1675 846 1719 biloto
879 1674 1035 1727 Toma,
1066 1674 1267 1732 pristaldo
1300 1674 1428 1718 Galus
1452 1673 1502 1717 de
1524 1672 1620 1717 villa
1652 1673 1873 1717 Domlun.⁶
1894 1671 2094 1716 Varadini

468 1758 556 1789 tres
588 1761 641 1789 ex
672 1745 752 1789 illis
785 1745 957 1798 furibus,
986 1756 1157 1803 portato
1180 1745 1307 1798 ferro,
1329 1756 1425 1789 sunt
1446 1744 1674 1788 iustificati:
1693 1743 1851 1788 scilicet
1872 1742 2097 1795 Modoros,

468 1816 653 1870 Chebae,
686 1816 868 1874 Chymp.
900 1816 991 1860 Bud
1023 1832 1126 1860 vero
1159 1817 1199 1859 in
1235 1816 1333 1860 dato
1366 1816 1549 1859 termino
1582 1830 1669 1859 non
1701 1814 1945 1871 comparuit.

1102 1958 1177 2002 Nr.
1200 1971 1296 2015 233.
1330 1957 1461 2014 (114.)

611 2042 762 2087 Vnuca
794 2042 845 2086 de
877 2041 974 2085 villa
1005 2042 1212 2084 Zamtou⁷
1243 2040 1425 2097 impetiit
1458 2038 1744 2083 conuillanum
1775 2053 1912 2091 suum,
1936 2037 2095 2081 scilicet

470 2113 663 2167 Paulum,
694 2113 745 2156 de
790 2113 918 2166 furto,
947 2112 1083 2156 iudice
1117 2111 1301 2170 Qulqed,
1334 2110 1477 2155 curiali
1509 2110 1665 2154 comite
1699 2108 1750 2153 de
1794 2109 1960 2162 Bichor,
2003 2107 2093 2165 pri-

605 2256 621 2276 '¹
646 2256 737 2291 Vide
762 2258 801 2291 in
827 2268 893 2291 nro
918 2257 1039 2296 priori.

613 2315 626 2335 ²
653 2316 784 2351 Statim
810 2315 960 2350 inferius
985 2315 1120 2350 Euresd
1146 2322 1181 2349 et
1205 2313 1350 2348 Eureus.

613 2375 627 2394 ⁵¹
652 2374 760 2410 Nunc
786 2374 950 2410 Csokm6
976 2375 1014 2408 in
1041 2385 1135 2409 com.
1162 2373 1278 2407 Bihar.

612 2433 627 2454 ⁴
652 2434 760 2469 Nunc
787 2432 1091 2480 Fuzes-Gyarmat
1116 2434 1155 2467 in
1181 2443 1275 2467 corn.
1302 2430 1428 2465 Bekes.

612 2493 625 2513 ⁵
649 2493 757 2529 Nunc
785 2493 956 2539 Solymos
982 2493 1024 2527 ab
1040 2491 1176 2538 oppido
1202 2491 1306 2526 Zsibo
1333 2490 1632 2535 septemtrionem
1658 2494 1693 2522 et
1719 2485 1947 2521 occidentem
1972 2494 2096 2519 versus

467 2554 507 2588 in
534 2564 628 2589 com.
656 2553 810 2599 Szilaigy,
837 2552 923 2587 alias
940 2550 1250 2597 Kozep-Szolnok.

610 2611 625 2631 ⁶
649 2612 735 2647 Post
760 2610 933 2658 Damjon,
958 2610 1154 2656 Dampjon‚
1180 2620 1276 2644 nunc
1302 2607 1473 2654 Dablyon
1498 2606 1633 2641 ibidem
1657 2605 1752 2640 infra
1777 2616 1829 2639 nr.
1856 2613 1934 2648 254.

610 2670 623 2693 ⁷
648 2670 756 2706 Nunc
781 2671 860 2705 Kis-
887 2677 922 2705 et
946 2669 1206 2716 Nagy-Szainto
1231 2668 1314 2714 pagi
1339 2677 1450 2713 prope
1475 2665 1633 2701 invicem
1658 2665 1716 2699 siti
1740 2665 1778 2699 in
1804 2673 1898 2698 com.
1923 2662 2039 2696 Bihar.
