2170 3210
1765 147 1809 192 87

167 292 517 351 completentem,
549 308 662 337 anno
700 306 811 348 1219
858 291 1142 344 tribuendum,
1188 291 1397 350 gradatim
1442 290 1718 349 procedendo
1750 291 1810 335 sic

165 363 529 410 demonstramus.

307 437 359 482 In
390 448 484 482 test.
518 452 580 482 nr.
628 439 710 495 184
753 436 857 498 (69)
902 436 1145 481 Vilhelmus
1190 436 1353 481 occurit
1404 436 1528 481 nobis
1573 436 1809 494 Episcopus

165 508 507 567 Transsylvanus
540 526 574 556 a.
614 523 720 554 1221
756 510 843 554 iarn
880 520 1087 553 mortuus
1120 508 1237 553 Lites
1284 508 1327 552 in
1360 519 1455 552 test.
1488 524 1551 555 nr.
1589 523 1670 566 190
1703 507 1812 566 (75),

173 595 253 639 192
291 580 412 642 (77),
461 596 543 640 194
574 581 693 642 (79),
725 595 811 627 200
846 580 950 641 (85)
991 592 1034 625 et
1066 594 1152 625 202
1195 579 1299 640 (87)
1344 592 1563 625 enarratae
1609 595 1662 625 eo
1696 595 1809 624 anno

172 654 354 712 agitatae
386 666 497 708 sunt,
530 670 615 714 quo
649 654 788 711 Gyula
820 651 967 714 (Iula),
1009 653 1186 697 nomine
1219 652 1431 710 gentilitio
1464 653 1609 707 Ratdt,
1651 653 1811 697 diutius

166 741 322 770 munus
342 726 512 771 comitis
545 726 709 771 curialis
742 726 847 784 regii
878 726 1020 784 gessit.
1056 725 1114 768 At
1146 740 1258 769 anno
1296 738 1402 769 1221
1440 725 1691 784 plerumque
1725 725 1811 769 iam

165 798 284 844 Bank
318 813 496 843 munere
541 798 627 843 hoc
670 797 937 856 fungebatur.
978 797 1075 842 Rite
1120 812 1225 855 ergo
1270 796 1517 841 fasciculum
1562 797 1677 841 hunc
1709 808 1808 841 ante

169 886 205 917 a.
243 884 366 916 1221.
398 871 604 928 scriptum
636 871 970 929 pronuntiamus.

309 942 395 988 Sed
437 943 544 987 haec
589 942 740 987 indicia
780 958 871 987 non
915 942 1145 987 excludunt
1202 957 1361 986 annum
1411 956 1536 988 1220.
1591 941 1653 986 Ut
1706 957 1810 1000 ergo

167 1015 389 1074 speciatim
420 1031 456 1061 a.
496 1029 606 1071 1219
644 1014 889 1060 fasciculum
926 1014 1040 1059 hunc
1072 1014 1320 1069 tribuamus,
1351 1014 1598 1058 testimonia
1629 1029 1689 1058 nr.
1730 1014 1810 1058 186

165 1086 270 1147 (71)
303 1099 346 1131 et
384 1087 465 1131 188
499 1086 604 1147 (73)
635 1102 717 1131 nos
749 1086 1026 1145 compellunt,
1065 1101 1250 1146 quorum
1288 1101 1433 1130 causas
1466 1085 1630 1130 Tobias
1664 1101 1811 1131 comes

165 1159 331 1204 curialis
369 1159 691 1204 Szolnokiensis
736 1159 972 1204 dirimebat.
1027 1159 1141 1213 Quia
1192 1174 1310 1215 vem,
1364 1170 1412 1203 ut
1461 1158 1654 1216 superius
1699 1158 1809 1203 clare

163 1231 443 1286 ostendimus,
474 1231 637 1276 Tobias
682 1247 717 1275 a.
756 1245 867 1289 1219
902 1247 1056 1275 munus
1089 1231 1259 1275 comitis
1292 1230 1458 1275 curialis
1491 1230 1811 1275 Szolnokiensis

165 1305 310 1363 gessit,
331 1304 579 1349 testimonia
597 1304 641 1348 in
663 1304 863 1348 fasciculo
888 1303 973 1347 hoc
995 1304 1134 1361 primo
1160 1303 1242 1362 (nr.
1272 1317 1321 1361 17
1330 1306 1502 1361 5—206
1528 1325 1585 1339 =
1610 1303 1810 1362 60—91)

164 1387 369 1421 contenta
401 1391 573 1436 quoque
607 1392 640 1419 a.
681 1390 790 1433 1219
825 1376 1074 1434 consignata
1106 1387 1216 1420 sunt.

307 1447 532 1493 Accedunt
562 1448 730 1501 rationi,
762 1447 951 1506 alioquin
983 1459 1047 1491 sat
1079 1447 1280 1500 evidenti,
1299 1447 1426 1491 etiam
1459 1446 1610 1492 indicia
1642 1450 1684 1492 in
1716 1458 1812 1491 test.

164 1536 229 1566 nr.
269 1534 347 1578 195
389 1519 494 1581 (80)
527 1532 569 1564 et
602 1533 684 1577 203
734 1519 838 1579 (88)
885 1531 1101 1564 contenta.
1156 1519 1316 1564 Causas
1368 1519 1434 1563 his
1478 1520 1522 1563 in
1554 1520 1812 1564 testimoniis

170 1594 414 1651 propositas
453 1594 569 1637 Bank
614 1607 761 1637 comes
806 1604 848 1636 et
881 1591 1085 1649 Aegidius
1130 1591 1271 1636 Abbas
1302 1591 1619 1636 Pasztohiensis
1659 1590 1813 1635 diiudi-

167 1677 274 1710 cant.
307 1664 468 1710 Omnia
499 1665 680 1709 innuunt
725 1680 871 1709 causas
916 1664 991 1708 has
1023 1664 1371 1721 prenominatum
1416 1664 1532 1708 Bank
1565 1663 1698 1708 veluti
1731 1679 1812 1708 co-

169 1738 324 1782 mitem
370 1737 732 1782 Szolnokiensem
778 1737 1047 1794 cognovisse.
1091 1735 1198 1780 Illud
1244 1747 1389 1781 autem
1432 1748 1701 1794 compertum
1734 1748 1813 1790 est,

170 1810 287 1854 Bank
299 1810 507 1853 comitem
522 1809 663 1853 solum
674 1809 796 1853 initio
813 1809 910 1852 anni
938 1824 954 1852 1
964 1822 988 1852 2
998 1823 1014 1852 1
1024 1823 1048 1865 9
1065 1809 1285 1852 comitatui
1299 1808 1599 1852 Szolnokiensi
1611 1823 1811 1866 praeesse

165 1881 372 1939 potuisse,
403 1896 504 1925 nam
535 1880 585 1925 ab
618 1881 754 1925 altero
787 1881 986 1924 semestri
1030 1881 1128 1925 anni
1178 1894 1288 1937 1219
1334 1896 1468 1937 usque
1500 1896 1659 1925 annum
1698 1893 1805 1924 1221

167 1968 322 1998 munus
355 1953 523 1997 comitis
568 1953 889 1997 Szolnokiensis
934 1967 1104 2010 semper
1135 1952 1274 2009 Gyula
1305 1953 1456 2008 maior,
1489 1953 1664 1996 nomine
1697 1967 1810 2010 gen-

169 2024 379 2083 gentilitio
412 2025 518 2079 Kan,
550 2026 695 2084 gessit.

310 2096 573 2142 Ulteriorem
607 2112 803 2155 gressum
836 2097 1084 2141 facientibus
1106 2096 1338 2154 plurimum
1358 2096 1651 2141 adiumentum
1683 2111 1811 2154 prae-

166 2168 238 2213 bet
270 2180 364 2214 test.
385 2185 446 2214 nr.
484 2170 565 2226 187
600 2168 717 2229 (72).
738 2170 834 2213 Hoc
868 2169 982 2214 enim
1005 2168 1230 2223 indicante,
1250 2181 1460 2227 tempore,
1483 2185 1568 2228 quo
1591 2169 1641 2213 lis
1663 2169 1706 2212 in
1728 2169 1813 2212 hoc

171 2241 422 2286 testimonio
453 2252 695 2286 memorata
727 2241 975 2299 agitabatur,
1018 2240 1191 2285 Kelked
1233 2239 1439 2301 (Kulked,
1470 2240 1688 2300 Culqued)
1733 2239 1812 2283 fuit

169 2328 317 2357 comes
348 2313 514 2358 curialis
561 2313 815 2358 Bihariensis
860 2325 903 2357 et
946 2312 1103 2357 Farkas
1133 2312 1399 2373 ,(Farcasius)
1444 2313 1650 2357 bilochus.
1698 2312 1813 2366 Quia

167 2385 414 2429 testimonia
446 2396 534 2429 tam
566 2385 877 2444 praecedentia,
921 2400 1048 2444 quam
1092 2386 1311 2444 sequentia
1355 2385 1545 2430 Tobiam
1589 2384 1813 2429 nominant

168 2456 374 2501 comitem
407 2457 606 2501 curialem
639 2457 1010 2510 Szolnokiensem,
1041 2456 1169 2501 dubio
1215 2469 1344 2511 caret,
1375 2469 1470 2502 test.
1504 2473 1565 2503 nr.
1605 2458 1684 2513 187
1719 2456 1812 2514 (72)

169 2528 223 2573 ad
260 2544 418 2573 annum
468 2542 576 2584 1219
631 2530 859 2585 pertinere,
910 2529 969 2573 sic
1017 2544 1098 2588 que
1144 2529 1316 2573 Kfflked
1361 2528 1557 2587 profecto
1611 2544 1645 2574 a.
1701 2540 1810 2584 1219

167 2611 323 2642 munus
355 2613 478 2643 suum
512 2601 655 2657 gessit.
690 2600 811 2645 Idem
842 2599 1015 2645 Kc'ilked
1047 2601 1177 2645 etiam
1207 2602 1251 2645 in
1284 2601 1435 2646 ultimo
1468 2601 1592 2644 huius
1626 2597 1813 2643 fasciculi

168 2670 294 2728 primi
327 2671 578 2715 testimonio
611 2688 670 2716 nr.
705 2675 790 2717 206
826 2672 900 2731 (9)
933 2673 1128 2716 occurrit.
