2170 3210
482 319 615 358 trum
665 304 725 355 de
775 305 1033 357 Humuroc
1084 323 1176 373 pro
1225 305 1504 368 latrociniO,
1554 307 1719 360 Iudice
1767 308 1919 362 Paulo
1965 326 2027 361 cu

481 392 577 445 sian
635 392 816 444 comite
866 391 926 443 de
975 391 1170 454 mehor,
1232 394 1281 446 &
1341 392 1511 447 Biloto
1573 394 1753 456 cibout,
1801 380 2030 466 pristimo

480 481 693 533 Martino
745 480 805 531 de
869 479 1127 543 Curmusd.
1191 482 1446 535 Waradini
1508 490 1590 535 aflt
1649 483 1865 551 praedisti
1926 485 2030 537 i'm—

480 569 718 638 petitores
810 566 1206 636 subterfugerunt
1296 569 1530 622 iudicium
1615 569 1724 622 ferri
1802 571 2028 635 cand‘e’ti8‚

480 656 695 709 dicentes
732 656 781 709 se
820 654 939 710 falso
976 656 1164 724 pecijffe
1201 656 1309 709 illos
1349 659 1410 711 de
1446 657 1721 711 latrociniO.

586 744 774 812 Mogus
824 745 874 797 &
922 746 1089 815 Scegu
1152 744 1212 797 de
1273 743 1381 797 villa
1424 745 1615 798 Vduori
1664 746 2029 801 coadiuuantib⁹

479 831 767 885 conuillanis
859 849 1037 884 eorum
1115 833 1435 900 impecierunt
1506 833 1682 886 Ianum
1754 834 2030 890 conuillanfi

480 920 620 973 suum
694 920 755 972 de
816 917 963 972 furto.
1034 919 1197 972 Iudice
1260 920 1474 973 Martino
1542 922 1741 983 comite,
1801 923 2027 991 pristaldo

479 1010 617 1062 Vois⁴
656 1009 800 1061 Ianus
852 1025 968 1059 cum
1017 1007 1140 1061 solui
1191 1008 1403 1072 deberet,
1454 1009 1678 1077 confugit
1733 1009 1792 1061 ad
1830 1010 2028 1065 ecclefi-

478 1114 559 1149 am
598 1096 763 1150 dicens
801 1097 850 1149 se
889 1096 1218 1151 combustum.

585 1183 762 1236 Paulus
819 1184 879 1235 de
935 1183 1043 1235 villa
1091 1184 1227 1235 Zuna
1288 1184 1501 1252 impecijt
1565 1184 1892 1239 conuillanam
1947 1184 2028 1241 sua

478 1274 682 1325 nomine
745 1272 978 1324 Scemam
1037 1271 1096 1323 de
1145 1272 1393 1325 venefitio.
1449 1273 1612 1326 Iudice
1666 1275 1885 1327 Farcasio
1946 1293 2028 1326 ar—

480 1360 772 1413 chidiacono
842 1359 903 1411 de
964 1360 1187 1423 Zounuc‚
1262 1360 1488 1428 pristaldo
1550 1361 1818 1430 StephanO,
1878 1363 2028 1415 Wara

480 1447 579 1500 dini
640 1446 817 1499 Paulus
867 1446 1074 1500 absoluit
1140 1447 1283 1510 illam,
1345 1447 1589 1516 spondens
1655 1449 1702 1503 se
1762 1447 2026 1503 satisfacere

478 1536 641 1590 Iudici.
676 1534 757 1586 Illa
794 1552 915 1587 vero
955 1535 1239 1589 satisfaceret
1275 1535 1499 1604 pristaldo
1537 1538 1587 1589 &
1623 1536 1848 1604 capitulo.

584 1624 724 1675 onr
760 1621 1028 1691 Teleguen,
1084 1625 1134 1676 δε
1180 1622 1305 1676 filius
1355 1623 1458 1675 eius
1509 1623 1748 1693 Cumpert
1796 1625 2027 1693 impetie-

478 1725 591 1764 runt
635 1711 763 1763 duos
814 1711 985 1764 seruos
1048 1710 1270 1780 Olodarij
1322 1711 1537 1764 videlitzt
1598 1711 1678 1764 Sal
1738 1714 1786 1765 &
1835 1712 2029 1774 Bodun‚

478 1801 528 1853 &
571 1800 698 1851 duos
747 1798 1076 1867 ioubagiones
1137 1798 1332 1851 Ioannis
1383 1798 1546 1852 scilitzt
1606 1799 1738 1854 Suda
1792 1802 1840 1853 &
1899 1800 2029 1853 Vol-

479 1906 554 1949 cu,
604 1889 654 1940 ἃ
700 1887 914 1941 totidem
975 1887 1241 1940 seruientes
1302 1886 1407 1940 Beli
1457 1887 1621 1941 scilitzt
1679 1888 1919 1940 Ioannem
1979 1888 2030 1941 &

479 1977 682 2027 Petrum
738 1992 828 2042 pro
877 1973 1158 2037 *latrocini0‚
1220 1975 1380 2027 Iudice
1435 1974 1644 2028 Nicolao
1700 1976 1884 2028 comite
1932 1977 2028 2028 Pa—

479 2063 644 2124 latino,
688 2061 916 2131 pristaldo
967 2062 1207 2131 Philippo,
1258 2065 1307 2116 &
1355 2062 1421 2115 illi
1471 2063 1673 2131 quidem
1722 2063 1804 2115 sex
1851 2065 2029 2117 Wara-

480 2151 579 2202 dini
634 2162 834 2219 portato
887 2149 1016 2203 ferro
1078 2151 1312 2205 iustificati
1368 2152 1489 2205 sunt.
1543 2151 1641 2203 Sed
1699 2163 1860 2219 preter
1919 2150 2032 2204 illos

480 2239 806 2306 prenominati
881 2239 1157 2291 acusatores
1236 2240 1552 2307 impetierunt
1623 2238 1840 2290 Albeum
1910 2238 2028 2290 iou—

479 2326 745 2393 bagionem
806 2325 1047 2386 Iohannis,
1109 2328 1158 2379 &
1225 2326 1487 2378 dominum
1556 2326 1806 2377 Sceuezeu
1878 2325 2029 2378 iouba

481 2414 687 2481 gionem
741 2413 944 2465 Abbatis
1006 2413 1066 2464 de
1127 2414 1332 2466 Heuiuz.
1397 2414 1632 2476 Quorum
1694 2411 1879 2465 Albeus
1936 2413 2028 2466 ‘sen

481 2501 606 2552 tiens
646 2501 693 2553 se
743 2500 836 2552 effe
888 2500 1146 2554 combustsi
1203 2500 1430 2568 confugit
1479 2500 1538 2551 ad
1589 2499 1867 2553 ecclefiiam.
1903 2501 2028 2553 Sce-

482 2605 637 2640 uezeu
674 2605 792 2639 vero
832 2587 1117 2641 combustus
1154 2591 1231 2641 est.
1274 2617 1277 2619 Δ

1867 2674 2029 2727 Adam
