2170 3210
387 134 433 177 84

385 291 448 320 nr.
487 278 569 332 164
600 275 787 334 nihilque
821 275 998 330 obstitit,
1030 279 1255 336 quominus
1303 280 1346 323 in
1392 295 1515 324 causa
1558 291 1653 326 test.
1698 297 1760 328 nr.
1810 287 1891 342 164
1933 284 2016 330 jam
2049 276 2058 279 <

386 363 523 391 novus
556 361 715 400 comeS,
745 347 900 391 Neuka
930 353 1182 393 sententiam
1216 350 1359 395 ferret.

529 515 842 567 Testimonia
857 533 926 567 nr.
964 518 1239 586 165———174
1266 519 1566 588 (165—168
1590 530 1637 570 et
1670 514 2014 592 169—174'=

389 604 660 652 208-—211
706 609 754 650 et
792 599 1026 667 29—34)
1065 601 1240 668 scripta
1279 619 1320 652 a.
1368 618 1516 670 1217.

527 705 779 763 Appulimus
811 705 864 749 ad
894 705 1045 750 laboris
1078 707 1262 764 suscepti
1293 707 1540 751 facillimam
1572 720 1745 755 sortem.

528 777 668 820 Fascis
711 777 793 830 hic,
836 788 881 820 ut
924 777 1088 821 videret
1132 778 1243 832 licet,
1281 778 1445 823 duobus
1489 779 1695 825 fasciculis
1741 781 1784 825 in
1829 780 2015 826 editione

385 848 571 905 principe
603 847 724 891 valde
758 847 807 891 ab
839 848 1023 892 invicem
1056 848 1240 892 disiectis
1273 861 1452 896 constat.

527 919 767 977 Utrumque
798 919 1046 963 fasciculum
1078 920 1252 964 inchoat
1298 922 1593 966 testimonium
1645 938 1756 967 anno
1820 936 1944 980 1217,
1995 939 2019 967 a

386 991 554 1035 notario
588 991 799 1048 signatum
831 1019 888 1023 —
922 990 1006 1035 Sed
1037 990 1278 1048 descriptio,
1310 1008 1417 1051 quae
1449 993 1493 1036 in
1524 1004 1619 1039 test.
1651 1009 1714 1038 nr.
1765 997 1842 1052 165
1891 994 2017 1054 (208)

386 1062 582 1114 occurrit,
613 1073 678 1106 est
708 1078 809 1105 vere
843 1062 1081 1120 designatio
1114 1063 1369 1120 inauguralis
1404 1064 1501 1108 anni
1532 1079 1608 1108 seu
1638 1064 1744 1119 talis,
1774 1081 1855 1124 qua
1887 1077 2016 1110 nota-

385 1135 473 1178 rius
519 1135 701 1191 regestri
744 1149 903 1177 novam
946 1135 1143 1192 paginam
1186 1135 1307 1178 initio
1350 1135 1453 1178 novi
1495 1136 1593 1179 anni
1635 1137 1799 1193 aperire
1842 1136 2016 1182 solebat.

387 1203 596 1263 Adeoque
630 1204 798 1249 adducit
829 1207 1020 1249 notarius
1063 1206 1238 1250 nomina
1279 1207 1401 1251 initio
1447 1207 1544 1251 anni
1595 1220 1703 1265 1217
1731 1207 2018 1266 ¹dignitatibus

385 1275 741 1333 praefulgentium
772 1292 795 1320 a
827 1276 1108 1336 Capituloque
1142 1277 1419 1322 Varadinensi
1457 1279 1694 1322 reverentia
1734 1291 2018 1338 prosequuto-

384 1362 504 1390 rum:
562 1347 685 1404 regiS,
730 1348 917 1406 episcopi
961 1349 1037 1402 sui,
1081 1349 1254 1406 palatini
1299 1360 1426 1408 atque
1473 1350 1638 1393 comitis
1679 1350 1931 1395 Bihariensis
1975 1362 2018 1395 et

383 1417 512 1474 ipsius
544 1418 714 1463 lectoris
747 1421 951 1473 canonici,
983 1424 1161 1478 regestri
1193 1421 1517 1464 concinnatoris.

527 1493 574 1533 In
605 1501 700 1535 test.
733 1491 882 1534 ultimo
917 1491 1100 1535 fasciculi
1131 1493 1256 1549 primi
1287 1508 1346 1537 nr.
1386 1493 1465 1535 168
1499 1491 1631 1552 (211)
1657 1494 1842 1537 occurrit
1862 1494 2017 1539 Neuka

385 1575 531 1604 comes
564 1561 817 1606 Bihariensis
850 1578 1018 1606 causam
1050 1563 1249 1617 iudicans,
1272 1562 1384 1607 unde
1412 1574 1542 1621 patet,
1563 1564 1648 1608 hoc
1669 1564 1964 1608 testimonium
1983 1581 2016 1610 a.

390 1645 500 1689 1217
550 1632 820 1677 tribuendum
859 1649 965 1678 esse.
999 1634 1139 1678 Litem
1191 1635 1235 1678 in
1286 1646 1381 1681 test.
1432 1636 1512 1692 167
1557 1634 1690 1694 (210)
1733 1647 2016 1680 memoratam

383 1703 613 1758 Dionisius,
645 1705 911 1749 Camerarius
970 1706 1093 1763 regis,
1153 1705 1362 1749 ordinarie
1421 1706 1624 1763 magister
1676 1705 2015 1751 Tavernicorum

383 1775 607 1828 vocitatus,
644 1775 814 1833 dirimit,
847 1777 964 1834 quod
995 1776 1263 1821 documentis
1296 1778 1393 1821 anni
1431 1790 1538 1834 1217
1584 1778 1771 1834 apprime
1803 1779 2015 1824 convenit.

384 1845 499 1890 Nam
551 1846 784 1891 secundum
828 1847 933 1891 haec
973 1863 1143 1907 quoque
1191 1864 1224 1892 a.
1274 1862 1384 1906 1217
1429 1849 1507 1892 fuit
1551 1849 1768 1892 Dionisius
1813 1849 2017 1907 magister

384 1916 723 1962 Tavernicorum
755 1930 798 1962 et
829 1934 974 1979 comes
1006 1920 1124 1963 Novi
1155 1920 1308 1972 Castri,
1341 1920 1457 1963 cuius
1480 1919 1629 1963 ditioni
1657 1920 1868 1977 litigantes
1911 1920 2015 1964 sub-

384 1988 483 2032 iecti
514 2000 644 2033 erant.

526 2060 773 2118 Ingrediens
804 2072 901 2105 test.
942 2062 1129 2105 fasciculi
1177 2062 1348 2105 alterius
1394 2078 1454 2107 nr.
1507 2063 1586 2119 169
1633 2061 1735 2121 (29)
1775 2072 1878 2105 nota
1919 2062 2016 2105 anni

391 2144 500 2188 1217
555 2131 794 2188 praeditum
846 2143 923 2186 est,
972 2148 1142 2176 causam
1193 2149 1298 2176 vero
1343 2132 1634 2176 concludentis
1680 2143 1777 2178 test.
1822 2147 1882 2176 nr.
1932 2146 2014 2190 174

384 2200 487 2261 (34)
520 2203 742 2259 episcopus
774 2203 1072 2247 Varadinensis
1106 2204 1254 2248 Simon
1286 2220 1320 2248 a.
1352 2205 1460 2248 1218
1484 2205 1569 2248 iarn
1585 2215 1781 2247 mortuus
1802 2214 1845 2248 et
1862 2218 2013 2247 comes

384 2273 635 2317 Bihariensis
684 2274 837 2318 Neuka
889 2274 1101 2320 dirimunt.
1153 2275 1431 2319 Manifestum
1477 2290 1580 2332 ergo
1627 2286 1706 2328 est,
1739 2286 1845 2319 test.
1889 2275 2013 2318 huius

385 2345 570 2388 fasciculi
603 2361 772 2404 quoque
805 2345 856 2390 ad
888 2361 1046 2389 annum
1084 2360 1192 2403 1217
1225 2347 1450 2403 pertinere.
1484 2346 1550 2389 De
1571 2356 1740 2389 caetero
1762 2345 2013 2390 Benedictus

384 2415 492 2459 filius
526 2416 695 2465 Samud‚
726 2418 769 2460 in
801 2428 896 2461 test.
928 2433 987 2460 nr.
1029 2431 1108 2474 170
1141 2429 1416 2472 memoratuS‚
1449 2417 1581 2460 serius
1620 2419 1746 2461 etiam
1790 2418 1832 2460 in
1876 2416 2012 2462 docu-

384 2488 537 2530 mentis
581 2488 776 2532 occurrit.
818 2487 911 2531 lzso
956 2488 1103 2547 (Esau,
1143 2487 1267 2547 Isou)
1312 2503 1416 2531 vero
1462 2503 1630 2531 causam
1675 2503 1736 2532 nr.
1785 2502 1859 2545 171
1911 2487 2013 2547 (31)

385 2557 613 2601 diiudicans
644 2559 729 2602 iam
759 2559 803 2602 in
834 2570 929 2604 test.
963 2574 1024 2604 nr.
1067 2562 1142 2615 163
1181 2558 1312 2617 (243)
1347 2575 1381 2602 a.
1420 2561 1528 2602 1216
1565 2558 1794 2603 adducitur.

526 2629 701 2672 Silentio
734 2630 963 2686 praeterire
996 2645 1085 2673 non
1115 2644 1354 2686 possumu5,
1377 2645 1537 2673 nomen
1560 2630 1727 2673 comitis
1748 2629 2013 2682 Bihariensis,
