2170 3210
430 150 473 186 82

426 294 511 337 hoc
539 291 833 336 testimonium
863 306 925 335 nr.
963 293 1041 334 162
1075 290 1204 350 (242)
1237 306 1383 334 mense
1415 291 1640 335 Februario
1673 304 1744 335 aut
1766 291 1817 335 ad
1839 306 2054 336 summum

428 364 513 408 fine
545 363 702 408 mensis
733 362 946 407 Februarii
976 374 1169 420 regestro
1201 362 1449 419 inscriptum
1482 362 1621 408 fuisse.

570 435 779 478 Accurate
812 445 1049 478 consonant
1081 434 1268 491 tempori
1299 433 1409 486 huic,
1440 434 1578 477 mensi
1609 433 1834 478 Februario
1866 450 1900 480 a.
1939 437 2048 480 1216

428 507 556 551 etiam
588 505 741 550 indicia
772 505 936 549 dierum
966 505 1010 549 in
1041 516 1136 549 test.
1169 520 1229 549 nr.
1268 518 1345 562 155
1383 504 1514 564 (235)
1547 517 1589 548 et
1639 519 1718 562 157
1763 504 1896 566 (237)
1945 521 2056 550 con-

427 589 556 624 tenta.
587 577 816 621 Referente
848 587 943 622 test.
976 591 1036 622 nr.
1075 589 1152 633 155
1188 574 1264 635 (23
1275 574 1321 634 5)
1354 575 1567 619 debitores
1599 576 1655 619 ibi
1685 577 1914 621 memorati
1945 591 2051 634 pro-

425 650 600 694 mittunt
632 648 760 692 debiti
797 649 862 691 sui
893 648 1073 705 primam
1104 659 1268 705 partem
1286 647 1514 691 Dominica
1532 647 1911 705 Ramispalmarum
1943 647 2054 693 idest

430 736 537 778 19-a
567 736 623 766 111.
655 720 799 764 Martii
830 735 875 763 se
907 719 1134 763 soluturos.
1167 718 1280 772 Quia
1312 718 1364 762 ad
1396 718 1604 763 secundae
1642 730 1685 762 et
1731 719 1881 763 tertiae
1923 720 2053 777 partis

425 792 685 837 solutionem
718 805 886 848 semper
918 790 1100 847 spatium
1126 790 1479 848 sesquimensium
1499 790 1785 843 obtinuerunt,
1820 803 2051 835 consenta-

424 879 554 908 neum
585 874 662 914 est,
693 862 745 906 ad
775 863 935 920 primae
968 862 1097 917 partis
1129 861 1389 905 solutionem
1422 876 1591 920 quoque
1630 861 1826 906 habuisse
1869 861 2051 907 totidem

424 948 604 993 tempus,
637 937 680 980 Si
712 949 815 991 ergo
849 949 873 976 a
900 932 967 977 die
1005 947 1110 990 19-a
1142 933 1285 976 Martii
1317 932 1650 990 retrogredimus
1681 948 1767 977 uno
1801 944 1843 976 et
1875 932 2048 977 dimidio

423 1022 585 1059 mense,
604 1006 748 1064 utique
780 1005 946 1048 initium
978 1004 1143 1047 circiter
1174 1003 1332 1047 mensis
1364 1003 1575 1047 Februarii
1605 1003 1726 1047 nobis
1747 1004 1943 1058 occurrit,
1966 1020 2052 1063 quo

423 1089 516 1123 test.
556 1091 631 1134 155
669 1075 801 1135 (235)
834 1075 1083 1119 adnotatum
1116 1086 1215 1118 erat.
1260 1074 1380 1120 Test.
1429 1089 1507 1132 157
1554 1073 1688 1134 (237)
1731 1089 1835 1119 vero
1879 1075 2050 1132 planum

423 1150 815 1202 faciente‚accusata
830 1162 1011 1204 poenam
1025 1147 1358 1204 participationis
1370 1146 1588 1190 homicidii
1601 1145 1711 1189 idest
1732 1161 1942 1191 summam
1963 1148 2054 1203 4314,

423 1236 659 1265 marcarum
686 1235 818 1277 usque
851 1218 963 1263 diem
986 1234 1015 1263 s,
1039 1218 1227 1275 Georgii,
1249 1233 1324 1261 seu
1358 1217 1489 1276 (apud
1510 1233 1589 1260 nos
1611 1216 1860 1276 Hungaros)
1893 1231 2049 1275 24-am

421 1308 477 1336 m.
520 1292 674 1349 Aprilis
719 1291 886 1334 solvere
918 1290 995 1333 fuit
1040 1289 1232 1346 obligata.
1265 1289 1431 1332 Tantae
1463 1314 1519 1320 —
1553 1304 1605 1331 eo
1639 1288 1810 1347 quidem
1853 1303 1960 1332 aevo
1991 1315 2051 1321 —

420 1363 623 1421 pecuniae
656 1362 852 1406 collectio
884 1362 1027 1420 utique
1059 1360 1173 1404 haud
1205 1361 1405 1418 exiguum
1439 1360 1620 1417 spatium
1652 1359 1816 1403 dierum
1837 1371 2045 1416 expostu-

419 1435 537 1488 lavit,
568 1433 760 1492 adeoque
806 1433 934 1476 etiam
977 1447 1096 1476 casus
1140 1433 1182 1476 in
1225 1447 1286 1475 nr.
1337 1446 1415 1488 157
1462 1430 1589 1490 (237)
1638 1442 1852 1474 enarratus
1897 1430 2051 1475 saltem

421 1506 541 1550 initio
574 1521 628 1549 m.
661 1505 873 1548 Februarii
904 1520 939 1548 a.
978 1507 1087 1548 1216
1122 1503 1313 1560 contigit.

563 1577 667 1620 Fixo
699 1577 784 1620 iam
814 1591 901 1619 non
939 1586 1104 1619 tantum
1149 1590 1273 1626 anno,
1320 1573 1395 1617 sed
1438 1586 1480 1617 et
1525 1589 1684 1628 mense,
1728 1572 1876 1631 quibus
1921 1572 2046 1616 fascis

420 1661 515 1692 test.
547 1664 607 1693 nr.
647 1662 726 1705 152
760 1646 1036 1706 (232—244)
1069 1646 1330 1702 conscriptus
1363 1656 1440 1699 est,
1472 1645 1616 1703 utique
1648 1644 1706 1688 nil
1738 1645 1905 1698 mirum,
1936 1644 1972 1687 si
2003 1645 2045 1687 in

420 1731 516 1763 test.
548 1735 609 1764 nr.
648 1732 724 1776 153
760 1720 882 1776 (233)
914 1717 1121 1775 palatinus
1154 1732 1284 1760 nemo
1318 1718 1421 1759 alter
1452 1731 1499 1759 ac
1531 1716 1669 1773 Gyula
1701 1716 1824 1759 nobis
1852 1715 2046 1760 occurrit.

421 1817 479 1823 —
514 1790 713 1847 Superius
745 1804 875 1846 porro
923 1790 965 1832 in
1010 1788 1196 1832 secundo
1244 1787 1440 1831 fasciculo
1491 1803 1524 1831 a.
1574 1800 1680 1844 1215
1727 1786 1908 1830 vidimus
1950 1797 2044 1830 test.

419 1878 479 1906 nr.
519 1875 595 1918 125
632 1860 764 1920 (274)
793 1860 1004 1904 referente
1026 1875 1060 1903 a.
1100 1873 1206 1916 1215
1252 1859 1521 1902 Demetrium
1555 1858 1683 1902 fuisse
1728 1858 1931 1901 comitem
1967 1873 2047 1901 cu-

420 1933 582 1985 rialem,
614 1932 760 1989 Topsa
790 1947 899 1975 vero
925 1931 1140 1974 bilochum
1172 1930 1473 1974 Bihariensem.
1506 1929 1602 1972 Hoc
1634 1945 1668 1974 a.
1707 1932 1813 1973 1216
1854 1939 1949 1972 test.
1980 1944 2041 1972 nr.

423 2018 502 2061 159
540 2003 658 2062 (239)
689 2003 939 2055 insinuante,
971 2002 1118 2059 Topsa
1162 2001 1299 2045 adhuc
1343 2000 1558 2044 bilochum
1609 2000 1896 2043 Bihariensem
1940 1999 2040 2056 egit,

419 2074 494 2118 sed
527 2075 694 2118 comitis
727 2074 889 2118 curialis
919 2089 1071 2117 munus
1102 2074 1186 2116 iam
1217 2088 1305 2116 non
1336 2071 1572 2124 Demetrio,
1590 2070 1665 2114 sed
1694 2070 1841 2113 Ioanni
1860 2070 2042 2127 imposi—

417 2158 508 2189 tum
542 2145 635 2189 fuit.
669 2137 753 2189 Sed
784 2161 806 2189 e
840 2145 1079 2188 narratione
1112 2144 1243 2187 totius
1275 2158 1424 2187 causae
1469 2153 1651 2199 apparet,
1683 2141 1795 2184 hunc
1837 2142 2042 2184 Ioannem

418 2216 531 2261 haud
561 2216 725 2274 pridem
756 2231 932 2260 munere
964 2216 1049 2259 hoc
1081 2215 1281 2267 funxisse,
1312 2229 1410 2257 nam
1443 2228 1566 2256 causa
1598 2212 1703 2256 haec
1746 2227 1834 2256 non
1877 2223 2042 2255 tantum

419 2304 564 2332 coram
597 2303 664 2341 e0,
696 2287 771 2330 sed
803 2287 931 2330 etiam
964 2302 1107 2330 coram
1149 2284 1487 2343 praecessoribus
1532 2286 1614 2326 suit
1654 2283 1809 2340 agitata
1854 2294 1954 2328 erat.
1997 2283 2045 2326 In

419 2375 542 2403 causa
574 2358 703 2402 altera
734 2369 828 2403 test.
859 2373 921 2401 nr.
960 2358 1038 2415 158
1062 2357 1194 2416 (238)
1219 2356 1388 2413 Tompa
1408 2354 1570 2399 curialis
1592 2369 1737 2397 comes
1759 2353 2043 2397 Szolnokien-

419 2431 474 2474 sis
508 2430 761 2474 sententiam
792 2428 886 2481 fert,
916 2444 1048 2487 aeque
1081 2444 1219 2471 novus
1251 2427 1385 2471 homo
1424 2427 1465 2469 in
1511 2440 1588 2468 suo
1634 2440 1821 2475 munere,
1864 2439 1961 2468 nam
2006 2439 2042 2467 a.

424 2515 547 2558 1215,
578 2513 623 2544 ut
661 2501 706 2544 in
748 2498 1122 2557 praecendentibus
1167 2510 1295 2556 patet,
1337 2497 1551 2554 Angelum
1598 2496 1802 2540 comitem
1845 2495 2044 2539 curialem

419 2572 772 2616 Szolnokiensem
804 2571 901 2627 egit.

559 2644 616 2686 At
648 2658 744 2686 cum
776 2642 834 2685 sic
865 2642 1109 2685 testimonia
1141 2641 1263 2685 huius
1296 2640 1417 2684 fascis
1451 2640 1609 2696 optime
1642 2654 1679 2684 a.
1714 2639 1821 2682 1216
1856 2652 2042 2681 concor-
