2170 3210
443 173 511 220 278

438 325 727 359 memoratum
758 313 894 370 Johan
927 329 1020 358 esse
1064 329 1197 372 genus
1238 315 1455 367 Borokm,
1500 325 1724 359 constaret.
1769 315 1882 359 Dato
1926 316 2068 375 itaque

443 387 502 431 eis
535 387 719 430 termino
750 386 796 430 in
827 386 1064 441 Dominica,
1098 388 1243 431 Factus
1263 387 1347 439 est‚¹
1380 386 1590 430 nominati
1621 385 1810 440 dusinici,
1842 402 1939 431 cum
1978 387 2070 445 pri-

443 458 579 503 staldo
611 458 803 515 ipsorum
834 456 1064 514 Stephano,
1110 457 1453 514 praenominatos
1495 468 1624 501 testes
1668 457 1911 510 adiuraturi,
1953 457 2071 502 fuere

443 529 666 584 Varadini3
698 528 773 573 sed
803 528 1006 586 praedicti
1037 539 1166 572 testes
1199 544 1286 572 non
1315 540 1654 586 comparuerunt.
1690 528 1908 573 Praefatus
1929 539 2071 573 tamen

443 601 719 653 adversarius,
750 601 884 644 misso
917 600 1142 653 serviente,
1175 599 1277 643 dixit
1310 615 1383 643 eos
1417 599 1543 643 fuisse
1576 600 1726 644 citatos
1757 599 1810 644 ad
1840 615 1990 658 regem
2026 611 2071 644 et

443 671 541 716 ideo
573 686 661 715 non
692 673 884 728 potuisse
916 671 968 715 ad
992 672 1219 715 terminum
1242 675 1398 716 venire.
1419 672 1533 715 Dato
1553 671 1656 714 item
1676 671 1864 715 secundo
1885 671 2068 715 termino

443 744 560 787 venit
590 743 934 800 praenominatus
968 743 1243 795 adversarius,
1273 754 1316 786 et
1347 743 1454 786 sicut
1485 743 1598 799 prius
1629 758 1706 797 per
1725 743 1996 798 servientem,
2015 743 2072 787 ita

443 829 519 872 per
550 830 595 858 se
626 815 764 872 ipsum
798 814 914 869 dixit,
946 814 1029 858 iam
1062 814 1197 858 dictos
1230 825 1361 857 testes
1395 815 1548 858 citatos
1593 829 1686 857 esse
1731 813 1783 858 ad
1825 828 1985 872 regem,
2030 825 2072 858 et

443 886 541 930 ideo
574 885 627 929 ad
657 885 886 930 terminum
928 901 1017 929 non
1059 885 1248 943 potuisse
1292 885 1449 931 venire.
1493 884 1576 928 Sed
1617 901 1713 929 cum
1759 885 1844 929 hoc
1882 884 2072 943 praefato

442 957 570 1002 iudici
599 957 751 1001 falsum
794 972 887 1001 esse
932 957 1205 1010 constitisset,
1247 956 1482 1013 praefatum
1526 956 1729 1000 Borokun
1773 955 2074 1001 condemnavit

444 1041 487 1073 et
518 1029 862 1086 praenominatos
895 1028 1109 1072 dusinicos
1148 1043 1243 1071 cum
1288 1039 1399 1072 terra
1444 1042 1594 1072 eorum
1637 1027 1924 1072 iustificandos
1967 1043 2072 1081 esse,

444 1100 676 1144 secundum
706 1100 1005 1158 praescriptam
1037 1099 1317 1143 assertionem
1356 1114 1518 1151 eorum,
1549 1099 1614 1143 et²
1647 1097 1894 1155 pristaldum
1937 1114 2076 1153 suum,

443 1172 690 1216 testimonio
723 1171 891 1228 capituli
921 1170 1234 1224 Varadinensis,
1266 1169 1366 1214 fecit
1399 1169 1697 1214 commendari.

1072 1343 1146 1387 Nr.
1183 1356 1277 1401 329.
1310 1342 1453 1402 (230.)

586 1427 977 1484 Comprouinciales
1009 1426 1126 1471 Novi
1148 1426 1288 1471 Castri
1309 1437 1352 1470 et
1373 1426 1528 1469 horum
1551 1425 1787 1483 specialiter
1809 1425 1931 1482 Borz,
1953 1425 2071 1470 Guza

446 1498 593 1551 Quere
627 1497 678 1542 de
710 1498 808 1541 villa
841 1497 1071 1542 Alexandri
1102 1498 1375 1555 impetierunt
1413 1497 1670 1541 seruientem
1701 1495 1836 1554 Egidii
1879 1496 1930 1540 de
1975 1495 2070 1540 villa

444 1570 603 1624 Petur,³
635 1570 809 1613 nomine
841 1569 1052 1622 Rochum,
1084 1569 1135 1613 de
1164 1569 1292 1621 furto,
1313 1568 1448 1612 iudice
1472 1569 1595 1621 Bane,
1617 1567 1820 1625 pristaldo
1851 1567 2065 1626 Gregorio

446 1640 497 1683 de
529 1640 626 1684 villa
657 1642 818 1685 Petur}
850 1641 1037 1694 Rochus,
1068 1652 1240 1698 portato
1272 1640 1401 1693 ferro,
1433 1639 1660 1683 mundatus
1693 1649 1769 1684 est.

1064 1812 1141 1857 Nr.
1179 1825 1275 1870 330.
1306 1810 1450 1870 (231.)

584 1895 701 1938 Tota
744 1895 839 1939 villa
884 1895 1051 1939 Tumr4
1094 1895 1275 1953 impetiit
1318 1896 1564 1945 Martinum,
1607 1893 1738 1938 filium
1789 1892 1982 1937 Mochou
2014 1892 2066 1937 de

446 1981 602 2024 genere
636 1967 724 2010 Beli
756 1967 887 2021 Bani,¹
902 1967 953 2010 de
987 1967 1173 2024 dampno
1194 1966 1434 2025 quindecim
1454 1980 1690 2009 marcarum
1719 1975 1762 2008 et
1784 1963 1836 2008 de
1858 1964 2070 2009 occisione

446 2037 628 2094 duorum
660 2037 897 2091 hominum,
917 2037 1052 2082 iudice
1077 2038 1201 2090 Banc,
1222 2037 1423 2095 pristaldo
1446 2036 1622 2080 Alberto
1645 2035 1697 2079 de
1724 2035 1819 2079 villa
1840 2033 2070 2080 Nohcodi.⁶

591 2205 600 2225 ¹
626 2205 721 2240 Idest
745 2205 802 2240 die
828 2208 898 2241 5-a.
923 2206 1030 2250 Junii.

586 2263 599 2283 ²
626 2264 770 2299 Rectius
796 2263 893 2299 fors:
921 2276 993 2311 per.

587 2324 601 2343 ³
627 2323 912 2359 Hernzid-Petri?
938 2324 998 2359 hic
1024 2335 1135 2370 pagus
1161 2324 1228 2358 iuri
1254 2323 1395 2358 comitis
1420 2322 1516 2357 Novi
1543 2322 1659 2357 Castri
1685 2320 1863 2356 obnoxius
1890 2326 1975 2354 erat.

588 2382 602 2401 ⁴
629 2383 742 2429 Supra
768 2394 820 2418 nr.
851 2393 929 2428 303,
959 2392 1035 2427 304,
1062 2383 1157 2418 infra
1184 2390 1234 2418 nt.
1265 2393 1342 2427 331.
1372 2391 1448 2428 332.

588 2442 601 2461 ⁵
626 2442 778 2483 Tomor,
806 2453 916 2489 pagus
942 2443 979 2476 in
1007 2453 1100 2477 com.
1127 2442 1244 2488 Abauj
1271 2441 1382 2486 (Infra
1409 2452 1461 2475 nr.
1493 2439 1586 2486 332).

588 2500 601 2520 ⁶
627 2501 769 2536 Rectius
794 2501 968 2543 Nozcodi‚
995 2502 1077 2536 dein
1103 2501 1284 2536 Noszkod.
1303 2501 1448 2535 Partem
1473 2499 1639 2534 hodierni
1665 2499 1747 2544 pagi
1773 2497 2070 2543 Hejo-Keresztur

446 2559 499 2603 (in
537 2571 631 2595 com.
670 2560 820 2604 Borsod)
858 2572 887 2595 a.
932 2570 1017 2605 1332
1057 2560 1174 2595 adhuc
1205 2559 1353 2594 Nozkad
1379 2566 1565 2599 vocarunt,
1591 2568 1688 2592 anno
1714 2564 1835 2592 autem
1865 2555 1951 2600 1287
1977 2562 2070 2589 terra

444 2618 595 2654 Nozkod
634 2620 767 2665 oppido
804 2619 905 2654 Mohi
943 2619 1072 2663 (Muhi)
1113 2619 1181 2654 fuit
1219 2619 1349 2653 vicina.
1389 2617 1497 2652 Conf.
1525 2617 1658 2652 Cszinki
1684 2628 1718 2651 o.
1745 2627 1773 2651 c.
1801 2616 1826 2650 1.
1857 2624 1932 2659 174.
1960 2613 2070 2648 Hazai

447 2677 656 2713 Okleveltalr
687 2687 833 2722 103—4.
