2170 3210
449 142 514 186 164

1084 294 1161 339 Nr.
1192 296 1259 339 26.
1293 295 1431 354 (265.)

587 376 721 420 Kalad
741 376 794 421 de
817 376 913 420 villa
934 377 1068 421 Gest1
1098 378 1208 434 cepit
1239 377 1400 436 aliquot
1433 392 1537 421 oves
1569 392 1664 422 suas
1697 377 1807 436 apud
1836 379 1988 423 Betum
2019 378 2074 423 de

446 449 542 493 villa
573 448 744 493 Scecul²
779 447 936 501 dicens,
967 448 1137 506 triginta
1169 460 1212 492 et
1241 463 1373 492 unum
1396 463 1500 492 oves
1522 464 1567 493 se
1591 449 1780 494 amisisse
1801 463 1877 507 per
1897 449 2075 503 furtum;

445 521 549 564 Beta
581 530 723 563 autem
757 519 863 563 dixit
895 533 940 562 se
972 519 1124 563 emisse
1158 535 1182 563 a
1212 520 1360 564 Masass
1392 519 1444 563 de
1477 519 1574 564 villa
1606 519 1758 565 Sorou.
1790 520 1916 575 Quos
1947 521 2075 575 Mica,

445 606 592 635 comes
615 591 881 643 Bicoriensis,
903 601 947 634 et
968 590 1086 634 Teca
1108 589 1273 644 bilotus‚
1295 590 1522 635 discutiens
1541 605 1617 648 per
1637 590 1882 648 pristaldum
1899 592 2075 636 nomine

445 662 595 706 Hoils4
613 661 820 705 miserunt
842 660 1133 714 Waradinum‚
1154 660 1225 705 ubi
1246 662 1381 714 Masa,
1399 672 1570 719 portato
1594 661 1721 715 ferro,
1737 661 1983 707 combustus
1999 674 2076 707 est.

1089 827 1164 873 Nr.
1198 841 1266 885 27.
1299 827 1433 885 (266.)

587 912 750 966 Simon,
771 911 881 956 filius
902 910 1010 963 Zela,
1037 910 1167 955 frater
1189 910 1423 955 Sebastiani
1442 912 1626 965 comitis,
1644 912 1833 969 impetiit
1854 912 2077 958 libertinos

445 988 517 1029 Ina
548 995 592 1028 et
623 985 796 1037 Iouanc,
814 983 1003 1027 filiorum
1021 983 1205 1036 IoanniS‚
1226 982 1401 1026 scilicet:
1424 982 1596 1036 Budam,
1617 982 1853 1037 Checham,
1873 983 2078 1038 Checlen,

443 1056 643 1109 Pousam,
673 1055 768 1099 Dan
801 1065 843 1098 et
863 1053 1031 1098 Dubam
1053 1053 1104 1098 de
1128 1053 1258 1107 furto,
1279 1064 1321 1097 et
1343 1054 1458 1111 ipsos
1481 1053 1681 1098 dominos
1702 1069 1866 1109 eorum,
1885 1054 2074 1100 fautores

446 1139 490 1171 et
519 1138 786 1184 protectores
818 1140 912 1169 esse
945 1124 1098 1169 furum.
1129 1126 1241 1169 Banc
1272 1126 1412 1184 itaque
1444 1125 1659 1169 Palatinus
1692 1139 1839 1170 comes
1861 1126 1977 1171 misit
1998 1140 2078 1171 eos

448 1197 743 1251 Waradinum,
775 1208 821 1240 ut
851 1211 931 1254 pro
962 1196 1036 1240 Ina
1069 1208 1111 1240 et
1142 1196 1306 1252 Johanc
1338 1208 1539 1255 quattuor
1581 1196 1633 1241 de
1677 1211 1834 1250 genere
1874 1197 2077 1255 ipsorum,

449 1284 558 1328 quos
591 1269 741 1313 Simon
779 1268 967 1326 eligeret,
1009 1268 1198 1311 iurarent
1240 1268 1308 1321 ibi,
1348 1268 1466 1326 quod
1507 1268 1588 1326 ipsi
1631 1264 1846 1313 nescirent
1888 1270 1992 1312 Iuan
2034 1278 2078 1312 et

445 1339 608 1396 Johanc
640 1341 871 1384 consocios
902 1338 1044 1383 furum
1072 1350 1114 1383 et
1146 1339 1394 1384 defensores
1426 1354 1531 1384 esse.
1562 1339 1646 1397 Ipsi
1676 1350 1821 1384 autem
1851 1338 1903 1384 ad
1933 1339 2078 1383 locum

445 1426 536 1454 non
567 1422 791 1464 venerunt,
822 1410 898 1455 sed
929 1421 1227 1454 excusatorem
1271 1412 1507 1464 mittentes,
1552 1410 1761 1464 dixerunt,
1806 1425 1852 1455 se
1896 1425 1990 1455 esse
2032 1411 2078 1454 in

443 1483 632 1526 exercitu
664 1494 706 1526 et
737 1481 837 1527 ideo
870 1482 1150 1526 Waradinum
1183 1498 1273 1526 non
1304 1482 1496 1540 potuisse
1527 1483 1698 1535 venire3
1729 1481 1933 1539 praedicti
1971 1496 2077 1525 vero

441 1553 625 1597 libertini
646 1568 725 1597 nec
745 1553 824 1610 ipsi
847 1564 1192 1610 comparuerunt,
1216 1568 1294 1597 nec
1316 1564 1612 1597 excusatorem
1630 1553 1843 1597 absentiae
1861 1553 2078 1597 miserunt.

441 1624 577 1677 Quod
609 1640 707 1668 cum
738 1623 949 1681 praefatus
981 1623 1105 1668 iudex
1139 1625 1391 1678 rescivisset,
1424 1624 1560 1669 missis
1590 1624 1740 1668 litteris
1772 1624 1858 1668 suis
1889 1638 1964 1681 per
1983 1623 2076 1681 pri-

443 1694 626 1739 staldum
657 1710 794 1748 suum,
824 1695 998 1738 nomine
1029 1695 1307 1739 Laurentium
1339 1694 1392 1739 de
1424 1695 1525 1740 villa
1542 1695 1728 1748 Libeci⁵,
1748 1694 1964 1739 mandavit
1981 1694 2077 1739 illos

445 1765 667 1810 libertinos
699 1782 777 1824 pro
812 1765 1104 1810 condemnatis
1137 1766 1316 1810 describi
1327 1784 1339 1821 3
1371 1777 1415 1810 et
1446 1765 1604 1810 factum
1636 1776 1702 1809 est
1732 1767 1801 1810 ita.

1126 1932 1203 1978 Nr.
1237 1934 1305 1977 28.
1338 1930 1482 1991 (267.)

593 2015 768 2060 Zounuc
799 2015 980 2072 impetiit
1012 2015 1181 2059 Gallum
1225 2026 1268 2059 et
1310 2015 1586 2059 Valentinum
1627 2015 1680 2059 de
1722 2015 1871 2060 decem
1913 2016 2080 2068 marcis,

452 2084 574 2129 udice
611 2084 871 2143 Simimgdo,
903 2086 1075 2139 comite,
1106 2085 1307 2144 pristaldo
1340 2086 1521 2132 Chikou.
1555 2086 1698 2131 Gallus
1729 2086 1871 2145 itaque
1894 2086 2077 2131 combu-

443 2167 531 2199 stus
564 2167 641 2209 est,
674 2154 922 2200 Valentinus
954 2168 1097 2200 autem
1128 2157 1388 2201 iustificatus.

587 2334 597 2354 ¹
626 2334 734 2370 Geszt
759 2346 870 2380 pagus
896 2337 934 2370 in
960 2346 1058 2371 com.
1090 2336 1207 2371 Bihar.
1234 2336 1333 2372 Infra
1361 2340 1440 2382 239.

585 2392 599 2413 ²
624 2393 872 2440 Szekelytelek
899 2406 1010 2440 pagus
1037 2396 1075 2429 in
1101 2407 1196 2430 com.
1224 2396 1341 2431 Bihar.

588 2452 601 2472 ³
626 2453 722 2487 Infra
748 2465 800 2488 nr.
833 2463 873 2497 54
900 2461 934 2488 et
964 2463 1029 2499 370
1054 2454 1128 2498 (hic
1155 2465 1307 2489 erronee
1333 2453 1507 2498 Mathka).

586 2511 600 2531 ⁴
626 2512 739 2558 Supra
766 2524 818 2547 nr.
846 2522 902 2555 24,
928 2512 1077 2548 inferius
1105 2525 1156 2549 nr.
1188 2523 1239 2558 54.

590 2571 603 2590 ⁵
627 2570 727 2605 Infra
753 2582 805 2606 nr.
831 2581 912 2613 200,
940 2581 1008 2617 274
1035 2580 1070 2607 et
1100 2582 1176 2617 309.
