2170 3210
1735 157 1780 194 97

135 300 182 335 et
226 289 446 348 speciatim
490 304 526 333 a.
579 302 688 333 1222
722 289 766 333 in
797 288 910 334 diem
945 303 1069 346 5-am
1101 290 1211 334 Iunii
1241 289 1466 335 incidebat.
1515 290 1630 345 Quia
1662 301 1782 335 actor

136 361 215 407 hac
247 361 317 407 die
349 376 396 406 se
428 361 628 419 Capitulo
660 377 751 406 non
788 361 975 415 sistebat,
1020 360 1149 406 iudex
1192 362 1323 406 alium
1367 363 1600 408 terminum
1640 362 1782 408 eidem

135 433 340 493 praefixit.
374 433 421 478 Si
451 433 521 478 hic
552 433 657 478 alter
688 434 895 478 terminus
927 448 1052 477 more
1083 445 1293 480 consueto
1315 434 1396 478 fuit
1418 434 1782 495 quintusdecimus

123 505 204 551 'vel
247 504 615 566 quartusdecimus
654 505 744 551 dies
788 506 943 564 prioris
987 506 1171 560 termini,
1210 517 1313 550 tunc
1355 506 1405 551 lis
1437 507 1481 552 in
1527 507 1613 551 hoc
1657 507 1782 552 testi-

135 578 285 623 monio
317 576 528 636 descripta
561 577 672 623 circa
713 577 828 623 diem
876 591 1032 622 20-am
1075 578 1186 622 Iunii
1218 577 1338 622 finita
1370 590 1445 624 est.
1490 579 1588 624 Hoc
1638 591 1783 627 autem

135 649 390 708 perpulchre
423 649 657 708 respondet
689 649 811 695 dictis
843 649 1220 704 documentorum,
1267 650 1386 695 Bank
1433 651 1544 695 circa
1590 651 1783 697 medium

136 737 170 768 a.
202 735 312 766 1222
347 737 506 766 munus
538 723 711 766 comitis
743 721 1049 781 Bodrogiensis
1082 722 1278 780 gessisse.

280 794 487 839 Examina
518 794 621 839 ferri
652 793 872 839 candentis
903 794 947 838 in
979 794 1137 838 ultimis
1177 806 1274 840 test.
1307 810 1370 839 nr.
1406 809 1504 853 329,
1541 810 1626 854 330
1657 796 1782 840 huius

136 865 324 911 fasciculi
356 877 521 911 narrata
554 865 607 911 ad
638 865 942 925 explorandam
964 867 1192 911 veritatem
1214 867 1455 921 criminum,
1487 882 1593 927 quae
1627 883 1782 927 quam-

135 937 278 997 plures
309 938 354 982 in
386 938 722 997 congregatione
767 939 955 997 generali
1000 939 1228 983 comitatus
1259 939 1379 984 Novi
1418 939 1559 984 Castri
1591 938 1784 1000 (Abauj),

135 1009 329 1069 praeside
353 1011 469 1055 Bank
489 1010 645 1064 habita,
666 1010 878 1068 punienda
910 1010 1172 1065 deferebant,
1204 1010 1396 1055 ordinata
1418 1022 1526 1055 sunt.
1564 1011 1660 1056 Hoc
1682 1027 1783 1070 prae

138 1082 273 1127 oculis
310 1094 523 1137 versante,
554 1082 669 1127 haud
713 1082 884 1127 difficile
929 1083 1054 1128 nobis
1099 1083 1192 1137 erit,
1235 1094 1406 1141 tempus
1451 1083 1638 1128 fasciculi
1670 1084 1785 1128 tertii

137 1166 235 1200 test.
268 1171 329 1200 nr.
366 1169 536 1214 331-3
546 1169 599 1213 37
633 1157 709 1212 (=
742 1156 996 1214 201—207)
1041 1155 1339 1200 determinare.
1378 1155 1512 1201 Recte
1546 1156 1661 1200 enim
1691 1156 1784 1213 pri-

137 1243 257 1272 mum
305 1238 347 1272 et
379 1226 562 1272 alterum
605 1227 901 1271 testimonium
945 1227 1029 1287 (nr.
1067 1241 1147 1286 331
1185 1238 1229 1272 et
1264 1227 1371 1287 332)
1417 1227 1544 1272 huius
1596 1227 1786 1272 fasciculi

139 1299 314 1344 crimina
344 1311 530 1356 narrant,
564 1315 671 1359 quae
705 1299 784 1344 viri
815 1299 1100 1357 provinciales
1131 1299 1250 1344 Novi
1278 1299 1418 1344 Castri
1450 1315 1596 1345 coram
1629 1299 1785 1344 eodem

138 1371 258 1416 Bank
289 1370 538 1430 arguebant,
570 1372 662 1416 imo
695 1372 739 1415 in
771 1383 955 1432 utroque
989 1387 1089 1416 casu
1120 1371 1236 1416 idem
1282 1383 1492 1416 executor
1524 1373 1782 1416 constitutus

136 1454 215 1497 est,
248 1444 319 1503 qui
350 1445 484 1488 etiam
515 1458 685 1488 causam
719 1455 813 1490 test.
859 1459 920 1489 nr.
970 1458 1052 1502 329
1099 1444 1272 1488 curavit.
1317 1444 1428 1488 Hinc
1475 1455 1671 1502 apertum
1704 1458 1783 1497 est,

136 1514 384 1561 fasciculum
429 1526 525 1560 test.
578 1531 639 1560 nr.
677 1530 697 1574 3
708 1530 847 1575 31—-3
857 1530 910 1574 37
945 1515 1229 1576 (201—207)
1263 1516 1635 1560 continuationem
1686 1527 1787 1561 test.

135 1603 200 1635 nr.
236 1600 473 1646 327-—330
506 1586 588 1647 (=
623 1587 884 1648 228—231)
922 1603 1016 1632 esse
1050 1587 1290 1647 eodemque
1337 1603 1449 1632 anno
1500 1601 1613 1633 1222
1647 1589 1785 1646 scrip-

138 1670 231 1704 tum
264 1675 370 1706 esse.

279 1732 427 1776 Primo
460 1734 617 1776 obtutu
649 1731 847 1777 facillima
878 1731 1046 1776 videtur
1069 1732 1277 1790 temporis
1311 1732 1500 1777 fasciculi
1532 1734 1671 1792 quarti
1691 1745 1786 1778 test.

136 1819 198 1850 nr.
243 1804 480 1863 338—344
523 1808 598 1858 (=
631 1804 891 1864 245—251)
941 1803 1258 1849 determinatio.
1305 1804 1628 1849 Testimonium
1672 1805 1787 1849 enim

135 1890 196 1921 nr.
234 1889 311 1935 341
347 1874 472 1934 (248)
504 1876 730 1920 acerrimas
763 1876 970 1934 temporis
1014 1887 1138 1920 notas
1171 1875 1475 1931 subministrat,
1522 1876 1788 1930 declarando,

137 1962 288 1992 causae
321 1947 391 1992 hic
426 1947 663 2006 descriptae
709 1947 932 1992 Thomam
980 1948 1229 2006 episcopum
1271 1948 1527 2007 Agriensem
1572 1960 1615 1993 et
1661 1949 1783 1993 Sala-

136 2034 315 2064 monem
349 2020 515 2064 Banum
548 2019 678 2064 fuisse
710 2019 870 2064 iudices
903 2035 925 2063 a
957 2034 1059 2078 rege
1092 2020 1366 2065 constitutos.
1400 2020 1597 2065 Thomas
1646 2021 1786 2065 solum

137 2106 271 2151 usque
303 2090 437 2136 finem
470 2107 503 2137 a.
534 2105 642 2151 1223
679 2092 942 2150 episcopatui
979 2091 1181 2150 Agriensi
1217 2092 1412 2150 praefuit,
1444 2092 1646 2137 Salamon
1679 2107 1783 2137 vero

136 2163 222 2209 fine
256 2164 355 2208 anni
393 2177 503 2208 1222
539 2164 644 2208 Bani
676 2163 928 2222 dignitatem
960 2163 1156 2210 obtinuit.
1193 2163 1434 2222 Repentina
1476 2166 1621 2224 itaque
1661 2165 1786 2222 cogi-

137 2236 245 2280 tatio
279 2236 470 2281 animum
501 2248 700 2280 nostrum
732 2236 856 2290 subit,
888 2251 1061 2281 causam
1105 2236 1229 2281 huius
1275 2248 1370 2282 test.
1417 2236 1558 2281 solum
1602 2252 1636 2281 a.
1675 2250 1783 2294 1223

138 2307 263 2352 tribui
302 2322 443 2366 posse.
490 2309 644 2368 Neque
692 2308 792 2353 huic
836 2308 1088 2366 cogitationi
1132 2320 1341 2367 repugnat
1386 2320 1482 2353 test.
1526 2307 1787 2366 praecedens

137 2394 199 2424 nr.
236 2394 320 2439 340
352 2380 486 2439 (247),
518 2396 617 2425 nam
641 2379 883 2425 Alexander
905 2380 1139 2438 Episcopus
1171 2379 1443 2425 Varadiensis
1477 2381 1652 2439 eiusque
1678 2394 1787 2437 pro-

139 2462 313 2495 curator
344 2451 649 2511 (oeconomus)
682 2451 936 2510 Stephanus,
968 2452 1094 2496 simul
1125 2452 1256 2496 etiam
1288 2451 1611 2497 archidiaconus
1645 2451 1786 2495 Beke-

140 2522 305 2577 siensis,
337 2522 457 2567 litem
488 2523 852 2569 matrimonialem
883 2524 926 2568 in
958 2523 1044 2568 hoc
1072 2524 1323 2568 testimonio
1346 2534 1585 2568 enarratam
1609 2538 1644 2567 a.
1675 2536 1783 2581 1223

142 2595 306 2653 optime
338 2594 535 2640 decidere
566 2607 798 2654 proterant.
847 2594 933 2640 Sed
965 2606 1060 2641 test.
1105 2611 1167 2641 nr.
1228 2609 1310 2655 339
1356 2595 1478 2654 (246)
1525 2594 1787 2653 vigilandum

143 2681 224 2711 nos
256 2678 419 2720 monet,
449 2666 636 2712 iudicem
668 2682 818 2712 causae
854 2667 1159 2712 «Laurentium
1190 2667 1374 2712 iudicem
1407 2667 1547 2712 curiae
1580 2677 1622 2710 et
1644 2667 1786 2710 comi-

1624 2762 1645 2797 7
