2170 3210
1722 132 1790 167 247

793 289 868 334 Nr-
902 302 999 348 249·
1033 290 1139 348 (55·)

287 373 382 427 Bot,
411 373 524 418 filius
556 373 774 417 Laurentii
805 373 857 418 de
889 372 990 417 villa
1022 373 1255 427 Horvath‚¹
1287 373 1469 431 impetiit
1501 372 1711 432 quendam
1737 371 1791 416 de

143 445 242 489 villa
262 445 386 501 Usa,⁵⁸
406 446 582 490 nomine
604 444 771 500 Sirund,
801 460 881 503 pro
904 443 1206 489 verberatione
1223 444 1371 489 matris
1394 459 1494 488 suae
1515 443 1568 488 ad
1589 457 1793 498 mortem,

147 516 264 576 quod
294 517 454 562 scilicet
485 517 672 562 misisset
702 516 991 571 verberantes,
1035 528 1080 561 et
1123 516 1176 561 de
1221 516 1380 561 damno
1426 532 1599 560 suarum
1646 531 1791 560 rerum

145 589 262 634 iuxta
293 589 635 634 aestimationem
669 589 975 648 quinquaginta
1007 604 1263 643 marcarum,
1294 587 1433 633 iudice
1465 588 1609 641 Fetus,
1630 587 1790 632 vicario

142 660 314 706 Nicolai
344 661 523 706 Palatini
554 661 739 715 comitis,
770 660 974 719 pristaldo
1006 660 1179 705 Andrea
1211 659 1265 705 de
1295 660 1395 704 villa
1431 660 1639 715 Qecher}
1660 660 1790 704 Prae·

143 731 279 778 dictus
312 732 478 788 Sirund,
509 744 680 792 portato
713 732 842 787 ferro,
873 732 1077 777 Varadini
1109 731 1356 777 combustus
1390 745 1469 778 est.

792 925 869 970 Nr.
902 939 1002 984 250.
1033 925 1143 986 (56.)

286 1007 480 1053 Andreas
511 1007 564 1053 de
596 1007 694 1053 villa
729 1009 789 1053 Pa
826 1008 1010 1066 impetiit
1048 1008 1329 1067 ioubagiones
1375 1008 1574 1066 Dionysii
1619 1008 1792 1061 scilicet,

142 1093 373 1140 utrumque
404 1080 654 1126 Forcasium
685 1092 730 1126 et
762 1080 1016 1139 Bogdanum
1038 1081 1092 1125 de
1112 1081 1270 1126 damno
1292 1081 1416 1125 unius
1444 1096 1624 1132 marcae,
1651 1079 1789 1124 iudice

143 1153 374 1210 Dionysio,
404 1151 496 1198 filio
538 1151 728 1197 Simonis
760 1153 947 1207 comitis,
977 1152 1182 1211 pristaldo
1215 1153 1409 1212 Manogy
1442 1152 1495 1197 de
1527 1152 1628 1196 villa
1660 1152 1789 1197 Cana.

142 1224 291 1269 Homo
322 1223 517 1269 Andreas
549 1223 694 1284 (sic!)⁴·
727 1236 902 1282 portato
936 1224 1066 1279 ferm,
1097 1224 1348 1269 iustificatus
1381 1237 1458 1269 est.

779 1417 856 1461 Nr.
893 1430 992 1474 251.
1024 1416 1142 1476 (57.)

283 1499 416 1558 Ecyul
432 1498 485 1545 de
505 1499 604 1544 villa
626 1500 750 1544 Perl⁵
773 1500 956 1558 impetiit
979 1501 1253 1558 Leopoltum,
1269 1500 1576 1560 ioubagionem
1600 1501 1791 1558 Schome

143 1571 314 1616 comitis
364 1586 443 1630 pro
490 1571 621 1626 furto,
663 1571 802 1617 iudice
847 1572 984 1616 biloto
1035 1573 1147 1630 regis
1192 1572 1245 1618 de
1289 1573 1508 1619 Zounouc.
1559 1572 1790 1617 Pristaldus

139 1643 343 1688 Nicolaus
376 1643 429 1688 de
460 1643 558 1688 villa
590 1644 786 1702 Mochy.⁶
816 1643 1068 1702 Leopoltus,
1088 1656 1262 1702 portato
1282 1645 1413 1699 ferro,
1433 1644 1683 1689 iustificatus
1713 1657 1790 1691 est.

785 1834 861 1878 Nr.
895 1848 992 1891 252.
1026 1835 1136 1894 (58.)

284 1917 539 1975 Stephanu8‚
591 1917 825 1976 ioubagio⁷
878 1918 1058 1976 Georgii
1110 1917 1162 1962 de
1216 1918 1314 1963 villa
1365 1919 1553 1974 Torean,
1605 1921 1788 1978 impetiit

141 1989 300 2034 Timan
331 1988 385 2034 de
422 1989 521 2034 villa
552 1989 738 2048 Chijpud
770 2005 850 2048 pro
884 1989 1011 2043 furto,
1043 1989 1180 2034 iudice
1214 1991 1390 2045 Gestub‚
1435 1991 1577 2036 curiali
1627 1994 1788 2036 comite

141 2061 194 2105 de
226 2061 446 2116 Zothmar‚
476 2061 682 2119 pristaldo
716 2063 885 2119 Zomoy
918 2061 970 2106 de
1003 2061 1101 2106 villa
1132 2054 1489 2109 Euchetii.'Tima
1513 2063 1592 2118 fur,
1614 2076 1787 2121 portato

138 2132 272 2188 ferro,
303 2133 553 2178 combustus
586 2146 662 2179 est.

282 2300 294 2322 ¹
320 2302 583 2338 Bau-Horvzith
609 2303 646 2337 in
674 2313 771 2338 com.
798 2302 999 2347 Borsod(?)

283 2360 298 2382 ²
325 2361 515 2398 Praedium
541 2362 638 2398 Uzsa
665 2374 685 2397 a
712 2361 905 2409 Dengeleg
931 2362 1163 2399 occidentem
1189 2374 1312 2399 versus
1339 2364 1377 2398 in
1404 2374 1500 2399 com.
1527 2363 1675 2409 Nograd
1690 2362 1740 2407 (Ὗ)

286 2421 300 2442 ³
325 2421 436 2457 Ecser
460 2423 500 2457 in
526 2433 623 2458 com.
649 2423 732 2458 Pest
745 2421 791 2468 (?)

285 2480 299 2501 ⁴
325 2481 462 2517 Recte:
489 2482 670 2518 Andreae.

283 2540 297 2560 ⁵
323 2541 429 2576 Nunc
456 2540 619 2588 Gyongy
646 2542 685 2577 in
712 2552 809 2577 com.
835 2542 1008 2584 Szatmzm
1036 2541 1127 2579 olim
1153 2543 1469 2591 Kozep·Szolnok.'

282 2599 297 2620 ὅ
322 2600 437 2648 Supra
464 2613 517 2636 nr.
550 2601 629 2644 186,
659 2601 735 2637 188.

284 2659 296 2681 ⁷
321 2660 362 2695 In
388 2660 552 2696 editione
578 2662 740 2708 principe
767 2672 946 2697 erronee:
973 2661 1151 2709 Eubagio.
