2170 3210
1696 141 1766 177 227

110 272 302 325 Petrum,
325 271 598 327 Michaelem,
619 273 800 332 Dugus,1
824 271 1114 330 Chepanum,2
1130 272 1336 327 Netham‚
1352 272 1584 331 Tumpam,
1601 273 1766 319 Moco-

101 344 273 398 diuum,
317 345 485 399 Μοῑιι,3
528 355 572 389 et
603 345 790 403 Hyscen,
821 355 865 389 et
902 344 1007 388 item
1051 355 1301 402 castrenses,
1346 344 1531 390 scilicet:
1575 343 1765 400 Villam,⁴

107 416 278 475 Chyan,
308 417 492 475 Bezegu,
522 417 725 470 Poiznan,
756 416 936 472 Retztel,
967 416 1140 470 Ilomar,
1171 417 1359 471 Zurnoh,
1389 416 1546 472 Torsa,
1574 429 1616 462 et
1638 418 1762 463 Hor-

109 489 240 547 kyan,
262 488 316 534 de
338 489 630 534 destructione
649 488 811 548 praedii
831 487 1127 546 hospitalaris⁵
1152 488 1390 533 secundum
1411 489 1764 535 aestimationem

110 561 285 620 triginta
317 576 556 606 marcarum
588 560 747 605 duabus
785 561 940 606 minus.
974 561 1102 615 Quos
1143 561 1284 619 Gyula
1328 577 1477 607 comes
1525 561 1577 607 de
1623 562 1762 619 Keue,

106 631 238 678 iudex
270 633 411 677 curiae
444 632 688 687 discutiens,
719 633 837 677 misit
867 632 1133 677 Varadinum
1166 633 1219 677 ad
1250 633 1470 678 candentis
1503 634 1603 679 ferri
1645 634 1762 680 iudi-

103 704 223 750 cium
238 719 316 763 per
331 704 582 763 pristaldum
599 705 775 750 nomine
793 704 1032 764 Ypolstum,
1053 704 1125 749 ubi
1145 706 1457 763 praenominati
1479 706 1761 766 ioubagiones

110 777 238 822 castri
269 789 313 822 et
344 788 583 822 castrenses
616 776 667 822 de
701 776 900 835 praefatis
932 777 1076 831 villis,⁶
1108 780 1362 837 pepigerunt
1393 777 1494 823 dare
1530 778 1758 837 praedictis

103 848 433 907 hospitalaribus
479 848 678 894 undecim
725 864 889 894 marcas
940 850 983 894 in
1035 849 1149 894 festo
1193 851 1331 895 sancti
1387 851 1500 909 regis
1556 850 1759 896 Ladislai⁷

99 936 254 966 coram
285 921 486 981 Capitulo
518 922 729 980 Agriensi,
760 933 805 967 et
835 922 967 967 iidem
999 922 1242 968 satisfacere
1265 922 1405 977 iudici,
1425 934 1593 981 partem
1613 934 1759 968 autem

105 993 300 1052 pristaldi
330 993 610 1052 hospitalares
642 1006 941 1039 conuenerunt
972 994 1235 1053 persoluere.

760 1150 837 1196 Nr.
869 1164 970 1208 203.
1003 1151 1107 1210 (88.)

246 1233 466 1288 Nicolaus,
496 1232 664 1278 curialis
698 1247 845 1277 comes
878 1233 1082 1279 ecclesiae
1114 1233 1166 1279 de
1198 1234 1295 1279 villa
1327 1235 1504 1289 Paztuh‚
1530 1251 1628 1280 cum
1650 1251 1757 1294 aga-

97 1304 281 1350 zonibus
313 1305 507 1351 eiusdem
538 1304 754 1364 ecclesiae,
788 1305 974 1350 scilicet:
1006 1306 1252 1361 Ambrosio,
1283 1307 1463 1352 Mouchi
1494 1319 1537 1352 et
1572 1307 1662 1352 aliis
1702 1307 1755 1351 de

99 1375 201 1421 villa
232 1376 356 1432 Crisi,
386 1377 664 1436 impetierunt
695 1377 908 1437 quosdam
940 1377 992 1422 de
1024 1378 1350 1437 ioubagionibus
1379 1379 1574 1424 eiusdem
1606 1379 1748 1424 eccle-

247 1522 260 1545 ¹
286 1522 384 1559 Infra
408 1523 447 1559 in
473 1535 527 1558 nr.
554 1533 635 1570 275.
663 1524 846 1571 «Degus».

244 1582 260 1603 ²
283 1583 382 1619 Infra
407 1595 461 1619 nr.
488 1593 570 1631 275.

248 1642 263 1664 ³
286 1643 355 1679 Hic
380 1644 540 1691 possedit
564 1652 706 1691 partem
731 1644 901 1680 hodierni
925 1644 1009 1691 pagi
1036 1642 1124 1679 Ond
1152 1644 1189 1678 in
1216 1654 1312 1679 com.
1339 1642 1516 1690 Zemplen
1545 1643 1754 1687 adiacentis,

97 1703 199 1740 unde
223 1703 373 1739 saeculo
398 1703 494 1739 XIV.
520 1704 611 1740 haec
643 1716 724 1752 pars
757 1704 875 1740 adhuc
913 1714 1055 1739 nomen
1095 1703 1382 1750 «Maza-Ondja»
1427 1703 1563 1740 habuit.
1602 1704 1753 1740 Confer.

100 1762 277 1799 Wenzel:
303 1754 391 1810 Arp.
420 1763 532 1800 Okm.
558 1764 637 1800 VII.
665 1768 745 1800 223.

244 1822 260 1843 ⁴
284 1823 453 1859 Rectius:
480 1823 650 1865 villanos,
682 1835 771 1860 nam
808 1825 962 1859 nomina
999 1824 1122 1859 statim
1159 1825 1370 1871 sequentia:
1409 1823 1562 1871 Bezegu,
1602 1825 1752 1867 Retztel,

97 1881 250 1927 Ilomar,
273 1882 392 1919 Torsa
416 1891 454 1919 et
479 1883 655 1931 Horkyan
682 1885 836 1920 minime
867 1891 953 1919 sunt
990 1884 1145 1919 nomina
1181 1895 1433 1931 personarum,
1472 1884 1534 1920 sed
1571 1896 1753 1932 pagorum

100 1954 200 1979 nunc
224 1943 373 1987 Berzek‚
400 1942 569 1992 Gesztely
594 1944 701 1990 (olim
728 1945 839 1980 etiam
865 1943 1032 1990 Kesztely
1055 1944 1220 1990 scriptus,
1245 1944 1344 1980 unde
1382 1944 1574 1982 distortum
1612 1957 1754 1982 nomen

95 2002 251 2046 Retztel,
268 2014 356 2038 nam
381 2003 414 2039 K
439 2005 478 2039 es
504 2003 536 2039 R
562 2012 787 2040 commutata
812 2003 908 2049 sunt)
934 2003 1109 2051 Vilmziny
1134 2004 1192 2050 (ex
1218 2004 1365 2052 Ilmaly)
1385 2006 1518 2042 Tarcsa
1539 2014 1574 2042 et
1592 2006 1755 2053 Harkzily

94 2071 314 2099 vocatorum
338 2065 680 2111 possessionemque
702 2064 967 2100 cruciferorum
985 2075 1013 2098 s,
1034 2064 1186 2109 Joannis
1204 2065 1283 2110 (seu
1300 2065 1636 2113 hospitalariorum)
1656 2068 1754 2102 iuxta

94 2122 198 2158 anz
234 2123 418 2159 iacentem
454 2124 847 2159 circumambientium.
886 2122 938 2158 Ex
963 2123 1021 2158 his
1046 2135 1159 2171 pagus
1185 2123 1320 2161 Tarcsa
1350 2124 1495 2171 (Torsa)
1531 2126 1622 2162 olim
1675 2134 1755 2162 nter

98 2193 212 2230 pagus
237 2183 398 2232 Harkzily
423 2192 458 2219 et
495 2184 609 2220 Szada
633 2185 733 2219 situs.
761 2182 869 2219 Conf.
896 2183 1051 2219 Wenzel
1076 2184 1137 2220 IX.
1167 2194 1243 2231 157.
1273 2185 1495 2233 Comparate
1519 2186 1565 2221 ad
1597 2186 1755 2222 nomar·

96 2242 276 2291 Vilmzlny
300 2256 334 2280 v.
362 2243 498 2280 Cszlnki
524 2254 558 2280 ο.
587 2256 617 2280 c.
644 2245 671 2279 Ι.
700 2254 778 2290 371.

190 2305 194 2310 “
242 2302 259 2324 ⁸
284 2303 364 2340 Hoc
390 2304 591 2351 praedium,
618 2312 656 2340 ut
681 2304 756 2340 iam
783 2305 820 2339 in
846 2304 1007 2341 obelisco
1038 2317 1052 2351 5
1083 2307 1308 2348 monuimus,
1333 2306 1430 2342 iuxta
1455 2306 1551 2342 L1'1cz
1579 2307 1617 2342 in
1655 2318 1738 2343 com

92 2363 276 2411 Zemplen
303 2364 499 2401 adiacebat.
526 2364 637 2400 Conf.
664 2363 821 2400 Wenzel
847 2365 907 2400 VI.
941 2376 1016 2409 144.

143 2427 147 2430 ”
243 2422 258 2444 ⁶
283 2424 362 2460 Hae
387 2435 518 2479 voces:
545 2425 586 2460 de
606 2424 775 2473 praefatis
792 2425 886 2459 υιἩίς
906 2425 1093 2461 evidenter
1118 2426 1328 2468 ostendunt,
1345 2438 1452 2473 supra
1478 2438 1572 2462 non:
1599 2426 1748 2469 Villam,

93 2483 244 2532 Chyan,
271 2485 409 2531 Bezegu
436 2492 503 2521 etc.
529 2485 615 2521 sed:
642 2485 800 2521 villanos
828 2484 973 2532 Chyan,
1000 2486 1140 2533 Bezegu
1167 2494 1234 2522 etc.
1261 2486 1461 2533 legendum
1486 2497 1576 2523 esse.
1603 2487 1701 2523 Nam
1719 2489 1749 2522 si

92 2543 245 2591 Chyan,
271 2544 413 2591 Bezegu
439 2554 506 2580 etc.
534 2556 611 2580 non
639 2553 758 2581 essent
786 2546 940 2581 nomina
966 2545 1146 2588 locorum,
1173 2558 1249 2582 non
1276 2548 1450 2594 potuisset
1476 2549 1637 2583 notarius
1671 2558 1752 2594 pro-

91 2614 229 2640 vocare
255 2604 323 2639 «ad
349 2604 527 2651 praefatas
553 2605 693 2647 villas»,
721 2616 806 2641 cum
834 2605 949 2641 nullas
976 2607 1213 2653 praemiserit.

243 2663 257 2686 ⁷
284 2664 379 2700 Idest
405 2664 463 2700 die
491 2675 579 2711 27-a
603 2665 710 2711 Junii.

1532 2739 1600 2785 ις*
