2170 3210
1721 153 1784 190 151

137 304 252 334 nunc
282 288 486 334 iudicium
517 288 668 347 agitur,
702 288 746 332 in
776 287 862 332 hoc
883 286 1047 331 ferrum
1066 287 1165 345 igne
1189 286 1374 332 candens
1407 301 1583 331 manum
1605 289 1785 342 miserit,

138 377 285 407 sanam
315 361 415 407 inde
446 373 574 421 atque
606 361 806 414 illaesam,
838 372 909 404 tua
946 358 1113 403 adiutus
1146 359 1302 403 invicta
1345 360 1562 417 potencia,
1594 359 1787 414 reducat,

137 449 219 479 nec
261 433 413 479 habeat
457 434 566 492 ignis
609 435 818 478 virtutem
860 430 1056 476 laedendi
1098 432 1145 476 in
1189 431 1279 475 eius
1327 446 1526 490 corpore,
1571 447 1700 491 quem
1732 433 1784 477 de

121 517 349 551 ¹consensu
392 506 516 550 huius
549 505 750 550 facinoris
790 504 1170 549 conscientia-non
1214 515 1382 548 accusat
1425 504 1469 548 in
1517 516 1675 549 mente.
1722 505 1783 549 Ita

135 578 267 623 etiam
297 577 543 623 dominator
562 578 763 630 Domine,
794 576 1033 636 quicunque
1057 575 1290 633 culpabilis,
1311 575 1572 620 incrassante
1595 575 1782 632 diabolo,

138 665 214 695 cor
256 649 416 695 habens
460 649 717 702 induratum,
759 648 1027 693 maiestatem
1071 659 1190 691 tuam
1232 658 1413 701 tentare,
1458 659 1501 693 et
1545 647 1657 694 male
1705 649 1785 694 sibi

137 722 347 776 conscius,
377 721 462 767 hoc
493 721 655 766 ferrum
687 720 740 765 ad
771 721 834 765 tui
864 719 1009 764 iudicii
1041 719 1408 764 examinationem
1437 732 1630 778 paratum
1654 734 1782 766 manu

135 809 212 839 sua
242 796 455 853 attingere
487 793 830 852 praesumpserit,
867 804 938 837 aut
969 807 1045 850 per
1076 791 1214 852 aliqua
1254 791 1475 846 maleficia,
1519 793 1588 837 vel
1631 792 1783 838 herbas

137 865 365 911 diabolicas
397 881 444 911 se
476 866 597 919 tueri,
629 877 671 910 et
702 865 865 910 crimen
896 880 1021 909 suum
1060 864 1210 917 celare,
1252 863 1471 923 fidemque
1516 864 1783 909 credentium

135 938 314 984 illudere
328 939 570 992 tentauerit,
585 949 657 982 tua
675 937 876 990 Domine,
896 952 1167 996 quaesumus,
1186 937 1344 981 inuicta
1362 938 1534 990 veritaS,
1552 952 1627 995 per
1642 937 1783 981 virtu-

135 1023 226 1056 tem
269 1022 415 1056 sancte
457 1011 591 1056 crucis
626 1021 712 1063 tue,
755 1025 883 1068 quam
927 1009 1194 1067 apponimuS,
1225 1007 1310 1053 hoc
1342 1020 1485 1053 totum
1518 1020 1710 1063 euacuet‚
1738 1022 1782 1054 et

134 1082 366 1128 manifesto
399 1082 578 1127 vstionis
625 1082 750 1140 signo
783 1080 941 1126 occulti
971 1080 1172 1125 facinoris
1204 1081 1367 1126 crimen
1405 1080 1590 1139 detegat,
1614 1094 1661 1126 vt
1682 1098 1781 1127 reus

136 1155 204 1200 hic
244 1170 321 1214 per
366 1155 676 1214 poenitentiam
719 1164 937 1199 correctus
981 1153 1025 1197 in
1069 1152 1198 1197 futuri
1234 1153 1377 1198 iudicii
1421 1154 1482 1198 tui
1529 1155 1726 1199 examine
1759 1172 1781 1200 a

134 1228 256 1286 culpa
287 1227 528 1273 inueniatur
559 1226 727 1285 penitus
761 1225 992 1279 absolutUS,
1023 1240 1099 1283 per
1129 1226 1369 1270 Dominum
1401 1238 1482 1271 etc.

574 1300 714 1345 Postea
746 1301 1007 1343 communicet
1038 1315 1127 1342 eum
1159 1300 1342 1344 sacerdos

843 1372 903 1415 his
933 1371 1075 1415 verbis.

275 1443 489 1488 Interdico
511 1443 587 1488 tibi
607 1459 634 1487 o
659 1443 808 1495 homo,
832 1457 978 1486 coram
1001 1442 1199 1487 omnibus
1222 1444 1468 1498 astantibus,
1494 1459 1570 1502 per
1592 1446 1779 1499 Patrem,

133 1527 177 1561 et
210 1516 376 1571 Filium,
398 1527 441 1560 et
472 1515 676 1574 Spiritum
708 1525 916 1569 sanctum,
959 1526 1003 1558 et
1046 1529 1123 1573 per
1155 1515 1427 1560 tremendum
1472 1517 1586 1562 diem
1629 1517 1787 1571 iudicii,

131 1604 208 1648 per
223 1589 510 1634 ministerium
527 1587 790 1645 baptismatis
817 1598 861 1631 et
877 1601 954 1645 per
970 1587 1294 1632 venerationem
1308 1590 1507 1633 omnium
1520 1601 1783 1644 sanctorum,

130 1673 176 1705 vt
208 1662 244 1706 si
274 1660 327 1706 de
358 1660 439 1705 hac
470 1675 515 1704 re
548 1658 762 1717 culpabilis
796 1674 855 1712 es,
887 1670 959 1702 aut
992 1658 1140 1713 fecisti,
1173 1671 1244 1703 aut
1266 1660 1441 1715 scinisti,
1471 1672 1544 1705 aut
1577 1661 1781 1716 baiulasti,

129 1746 204 1778 aut
247 1732 515 1785 consensisti,
556 1743 628 1775 aut
671 1742 848 1789 propter
891 1742 1029 1775 actam
1061 1731 1230 1789 culpam
1275 1731 1595 1778 denominatam
1641 1735 1780 1779 sciens

132 1805 362 1851 factoribus
394 1804 551 1857 iuvisti‚
589 1814 636 1847 vt
680 1803 902 1848 ecclesiam
946 1818 1036 1848 non
1078 1803 1282 1858 introeas,
1325 1804 1541 1850 Cristiane
1586 1806 1784 1851 societati

129 1893 220 1923 non
250 1877 484 1930 miscearis,
515 1876 550 1920 si
582 1887 748 1920 reatum
786 1875 975 1920 nolueris
1021 1875 1215 1921 confiteri
1260 1876 1507 1932 admissum,
1553 1890 1783 1938 antequam

131 1949 287 1996 iudicio
321 1949 577 1994 examinetis
609 1947 793 2006 publico.

636 2021 747 2066 Tunc
778 2023 1040 2079 interrogetur
1071 2022 1283 2067 sceleratus

788 2109 813 2137 a
844 2094 1042 2138 sacerdote
1072 2093 1132 2138 his

896 2165 1037 2210 verbis.

269 2231 428 2285 Frater,
462 2249 507 2278 es
539 2236 676 2280 iustus
710 2236 760 2280 ab
784 2236 868 2280 hoc
889 2236 1079 2290 crimine,
1110 2236 1162 2281 de
1196 2254 1281 2297 quo
1317 2239 1556 2283 accusaris?
1590 2239 1783 2296 Respon.

129 2300 270 2347 Iustus
302 2319 411 2351 sum.
445 2308 751 2366 Interrogetur‚
783 2308 1005 2352 Mundus?
1037 2309 1083 2354 R.
1117 2309 1305 2354 Mundus
1339 2326 1446 2355 sum.

654 2381 832 2426 Tandem
864 2391 1075 2427 accusatus
1106 2385 1272 2443 accipiat

641 2455 800 2510 ferrum
832 2455 1015 2512 ignitum,
1045 2453 1110 2498 hec
1139 2455 1259 2499 verba

747 2527 947 2584 sequentia
980 2526 1158 2572 dicendo.
