2170 3210
1707 160 1772 198 ยน49

608 296 764 342 Oratio
795 307 894 355 post
925 296 1291 342 communionem.

272 381 442 427 Pideles
475 393 574 426 tuos
607 382 726 426 Deus
759 390 961 439 perpetua
1001 379 1114 424 dona
1146 379 1388 434 confirmet,
1420 392 1462 424 et
1485 391 1587 426 vota
1614 393 1775 437 nostra,

128 469 210 514 que
240 453 533 513 preueniendo
567 454 738 511 aspiras,
770 452 900 497 etiam
927 450 1168 496 adiuvando
1199 466 1472 511 prosequere.
1505 468 1580 511 per
1611 453 1772 498 Domi-

126 541 244 572 num.
279 538 359 571 etc.

375 587 523 632 Perata
553 590 676 632 missa
702 596 844 647 pergat
863 587 1059 640 sacerdos,
1091 601 1180 630 cum
1202 602 1327 638 cruce,
1357 594 1391 630 et
1421 600 1528 646 aqua

375 660 585 711 benedicta,
629 667 663 703 et
689 659 799 718 plebe
842 659 898 703 ad
926 659 1069 712 locum,
1114 657 1183 702 ubi
1216 658 1401 717 probatio
1440 657 1531 713 fieri

373 731 488 776 debet.
522 732 729 791 Imprimis
747 731 933 776 dicantur
956 731 1105 791 Septem
1125 730 1280 774 Psalmi
1291 731 1528 790 poenentia-

373 804 441 858 les,
485 819 574 848 cum
618 803 783 857 letania,
825 804 867 847 in
915 817 996 863 qua
1039 804 1327 846 interserantur
1369 801 1412 846 hi
1451 803 1530 846 duo

844 874 1040 919 versiculi.

271 947 333 990 Vt
364 945 524 989 iustitie
556 961 647 991 non
679 945 926 990 dominetur
957 945 1171 1004 iniquitas,
1209 943 1285 988 sed
1329 943 1533 989 subdetur
1577 960 1688 989 nunc
1733 958 1776 989 et

129 1033 300 1076 semper
317 1017 477 1062 falsitas
497 1017 668 1062 veritati
690 1029 799 1062 tuae.
815 1020 1132 1079 Responsorium.
1155 1015 1223 1060 Te
1238 1016 1459 1075 Rogamus
1485 1015 1582 1061 audi
1602 1032 1696 1062 nos.
1716 1017 1776 1061 Vt

127 1105 280 1135 verum
312 1088 515 1134 iudicium
537 1089 666 1134 hodie
689 1089 813 1134 nobis
833 1088 1106 1134 manifestare
1129 1088 1328 1147 digneris,
1350 1089 1396 1133 R.
1421 1088 1488 1133 Te
1510 1104 1604 1147 rog.
1627 1090 1777 1148 Agnus

130 1163 210 1208 dei.
243 1161 417 1209 Christe
450 1161 548 1206 audi
579 1176 672 1208 n03.
708 1161 880 1207 Christe
914 1160 1066 1206 exaudi
1098 1177 1193 1206 nos.
1226 1162 1358 1219 Kyrie
1392 1161 1555 1206 eleison
1587 1178 1625 1205 x.
1657 1162 1696 1205 k.

495 1295 654 1339 Postea
685 1294 879 1339 dicantur
911 1294 1130 1339 orationes
1162 1294 1216 1339 ad
1246 1294 1419 1339 ferrum.

273 1378 460 1424 Benedic
492 1378 669 1424 domine
702 1378 857 1423 Sancte
888 1390 1021 1437 pater,
1053 1393 1129 1436 per
1160 1379 1480 1423 inuocationem
1524 1378 1778 1423 sanctissimi

127 1452 316 1496 nominis
360 1451 422 1496 tui
466 1462 511 1495 et
555 1466 632 1509 per
676 1450 909 1495 aduentum
953 1450 1163 1509 vnigeniti
1206 1450 1282 1495 filii
1328 1451 1391 1495 tui
1434 1450 1599 1495 domini
1642 1450 1779 1494 nostri

127 1524 227 1580 Jesu
260 1523 435 1578 Christi,
467 1535 596 1583 atque
628 1538 707 1581 per
738 1522 902 1567 donum
935 1523 1115 1581 Spiritus
1148 1523 1282 1567 sancti
1325 1522 1378 1567 ad
1422 1521 1781 1567 manifestandum

131 1610 284 1640 uerum
315 1595 518 1640 iudicium
551 1607 674 1640 tuum
719 1595 808 1640 hoc
854 1610 989 1653 genus
1022 1595 1198 1649 metalli,
1228 1606 1274 1638 vt
1306 1595 1360 1639 sit
1394 1594 1704 1639 sanctificatum
1737 1605 1780 1638 et

131 1679 430 1712 consecratum
474 1667 527 1712 ad
575 1666 936 1712 manifestandum
968 1683 1120 1712 verum
1151 1666 1353 1711 iudicium
1392 1678 1524 1723 tuum,
1566 1678 1613 1710 vt
1660 1666 1781 1710 omni

132 1738 394 1784 daemonum
425 1739 611 1784 falsitate
644 1739 796 1797 procul
827 1751 994 1783 remota
1027 1738 1222 1783 fidelibus
1243 1739 1326 1783 tuis
1348 1739 1505 1783 veritas
1526 1739 1617 1782 veri
1637 1737 1781 1783 iudicii

131 1811 195 1855 tui
225 1811 452 1856 manifesta
496 1810 584 1865 fiat,
614 1826 691 1869 per
735 1826 835 1855 eum
868 1811 939 1870 qui
982 1822 1189 1855 venturus
1234 1823 1300 1855 est
1343 1810 1527 1856 iudicare
1570 1811 1695 1855 viuos
1738 1821 1782 1854 et

131 1894 346 1937 mortuOS,
377 1894 420 1927 et
452 1883 644 1928 seculum
675 1897 750 1941 per
780 1883 937 1941 ignem.
970 1883 1123 1927 Amen.

821 2012 916 2058 Alia
947 2015 1098 2060 oratio.

281 2099 404 2144 Deux
435 2098 562 2144 iudex
595 2099 745 2153 iustus,
776 2099 847 2157 qui
880 2110 1004 2143 autor
1035 2098 1149 2156 pacis
1183 2113 1241 2153 es,
1263 2110 1307 2143 et
1332 2098 1490 2143 iudicas
1513 2098 1786 2158 aequitatem,

136 2171 204 2215 Te
239 2170 484 2230 suppliciter
517 2186 762 2224 exoramus,
789 2182 833 2214 vt
864 2170 949 2214 hoc
980 2170 1142 2215 ferrum
1173 2171 1370 2228 ignitum,
1400 2169 1454 2214 ad
1484 2171 1639 2215 iustam
1676 2185 1782 2214 exa-

135 2244 417 2288 minationem
440 2242 661 2287 cuiuslibet
694 2241 919 2287 dubietatis
950 2241 1201 2296 faciendam,
1232 2242 1482 2287 benedicere
1514 2254 1558 2286 et
1590 2240 1782 2285 sanctifi-

136 2330 233 2360 care
265 2315 464 2373 digneris.
497 2315 573 2369 Ita,
606 2327 652 2358 vt
684 2315 719 2358 si
750 2314 956 2358 innocens
989 2314 1044 2358 sit
1081 2314 1218 2358 homo
1259 2314 1339 2358 iste
1379 2313 1432 2358 de
1464 2313 1785 2371 praenominata

139 2402 277 2441 causa,
308 2386 421 2431 vnde
452 2387 651 2445 purgatio
685 2385 901 2446 querenda
933 2397 1011 2439 est,
1036 2385 1120 2430 hoc
1150 2385 1310 2431 ferrum
1331 2385 1514 2444 ignitum
1535 2400 1632 2429 cum
1654 2399 1783 2428 manu

138 2459 362 2518 acceperit,
392 2458 534 2503 illesus
567 2470 782 2517 appareat,
817 2469 860 2502 et
893 2458 928 2501 si
968 2457 1181 2516 culpabilis
1214 2458 1281 2512 sit,
1301 2457 1531 2502 iustissima
1554 2456 1607 2501 sit
1630 2455 1682 2500 ad
1700 2455 1784 2499 hoc

138 2532 273 2576 virtus
304 2543 390 2585 tua,
430 2543 478 2575 vt
523 2531 567 2575 in
612 2546 664 2576 eo
712 2530 871 2574 veritas
917 2529 1168 2584 declaretur,
1214 2541 1421 2589 quatenus
1466 2528 1651 2572 iustitiae
1697 2541 1787 2570 non

140 2603 386 2648 dominetur
433 2602 646 2662 iniquitas,
687 2602 763 2646 sed
811 2600 1012 2646 subdatur
1058 2616 1227 2659 semper
1275 2600 1433 2645 falsitas
1481 2599 1661 2645 veritati.
1709 2613 1786 2655 per

141 2674 377 2721 Christum.
