2170 3210
1695 155 1763 192 225

120 280 198 326 sub
241 280 400 327 eodem
442 282 581 328 iudice
626 294 671 328 et
713 282 915 341 pristaldo
959 283 1236 341 impetierunt
1275 286 1363 331 Zub
1407 286 1460 332 de
1497 287 1594 332 villa
1638 287 1768 345 Tur,1

120 352 238 412 quod
268 365 382 399 esset
425 354 584 400 sellifer
615 370 748 414 agazo
781 355 984 400 ecclesiae
1017 356 1190 402 Paztuh.
1224 357 1314 412 Qui
1352 358 1453 413 Zub,
1498 375 1596 405 cum
1636 360 1768 406 vellet

118 439 166 469 se
196 425 378 484 probare
409 441 505 472 esse
536 426 841 486 iobbagionem
862 426 1114 472 bellatorem
1135 428 1326 476 eiusdem
1347 430 1566 486 ecclesiae,
1593 444 1766 491 portato

117 495 247 552 ferro,
277 497 524 543 combustus
557 510 634 546 est.

770 620 847 665 Nr.
886 621 980 677 196.
1014 619 1119 676 (81.)

261 703 439 760 EureuS‚
471 705 674 764 ioubagio
707 706 878 765 Aegidii
909 708 1096 764 comitis,
1136 708 1188 753 de
1231 708 1330 753 villa
1372 708 1541 752 Moiota
1584 708 1766 766 impetiit

120 773 301 820 Paulum
333 787 377 820 et
408 775 586 822 fratrem
618 778 708 823 eius
740 779 970 825 Bechleem
1001 780 1055 826 de
1086 781 1306 826 occisione
1345 779 1485 824 fratris
1518 781 1597 834 sui,
1627 779 1765 824 iudice

119 845 277 892 eodem
309 847 494 907 Aegidio
528 850 702 905 comite,
743 851 949 909 pristaldo
994 853 1112 898 Buke
1149 852 1203 898 de
1243 852 1343 897 villa
1383 852 1563 897 Moiota.
1611 852 1765 896 Paulus

116 918 371 976 praedictus,
407 931 580 978 portato
625 922 754 979 ferro,
797 924 1048 969 iustificatus
1093 936 1169 970 est.
1214 924 1444 969 Bechleem
1486 938 1593 968 vero
1639 937 1764 968 com-

119 990 266 1036 bustus
299 1004 375 1039 est.

762 1104 838 1150 Nr.
877 1119 893 1149 1
903 1120 970 1163 97.
1003 1104 1120 1166 (82.)

263 1187 431 1246 Scegen
462 1187 515 1232 de
547 1188 646 1233 villa
680 1189 833 1234 Geken
864 1190 1047 1248 impetiit
1089 1188 1310 1233 Andream
1355 1188 1407 1233 de
1451 1188 1549 1232 villa
1592 1189 1764 1233 maioris

117 1259 281 1313 Geken,
304 1259 420 1320 quod
439 1259 571 1305 filiam
600 1275 721 1305 suam
752 1261 902 1319 nepoti
934 1277 1027 1316 suo,
1057 1260 1270 1315 Michaeli‚
1299 1260 1512 1305 violenter
1542 1261 1766 1318 rapuisset,

118 1342 163 1376 et
194 1331 301 1377 haec
331 1331 449 1377 idem
480 1331 567 1377 filia
598 1332 708 1377 illius
741 1334 930 1378 astruxit.
964 1332 1158 1378 Andreas
1190 1345 1334 1378 autem
1370 1332 1604 1390 respondit,
1648 1333 1765 1392 quod

115 1418 206 1448 non
237 1404 462 1461 violenter,
495 1404 569 1449 sed
609 1404 831 1464 legitime2
864 1405 995 1449 filiam
1026 1405 1136 1449 illius
1179 1405 1327 1464 nepoti
1371 1420 1450 1449 suo
1494 1405 1539 1449 in
1581 1420 1763 1449 uxorem

116 1475 374 1528 adduxisset,
405 1488 450 1522 et
483 1477 679 1522 similiter
695 1477 779 1522 hoc
798 1477 1011 1535 perhibuit
1031 1477 1324 1522 testimonium
1350 1477 1388 1521 ei
1408 1477 1544 1521 Lucas
1567 1476 1764 1521 sacerdos

117 1548 170 1593 de
202 1548 301 1593 villa
331 1549 506 1594 maioris
540 1549 706 1595 Geken.
738 1547 994 1594 Ambrosius
1025 1550 1182 1609 itaque,
1213 1549 1380 1594 curialis
1425 1565 1573 1594 comes
1621 1549 1762 1608 magi-

117 1620 230 1665 stri³
273 1620 488 1676 Ladislai‚⁴
534 1634 761 1679 praesente
815 1621 1117 1667 archidiacono
1162 1622 1310 1675 Paulo,
1354 1621 1598 1674 discutiens,
1647 1621 1764 1665 misit

114 1702 341 1752 utramque
373 1704 541 1751 partem
571 1709 648 1752 per
680 1694 941 1752 pristaldum,
961 1694 1139 1738 nomine
1172 1693 1404 1739 Nicolaum
1426 1693 1478 1737 de
1498 1693 1595 1738 villa
1617 1693 1764 1747 Reuel,

115 1763 394 1819 Varadinum,
425 1765 495 1809 ubi
526 1766 873 1823 praenominatus
907 1765 1086 1824 Scegen,
1120 1776 1294 1823 portato
1317 1765 1433 1809 ferro
1455 1780 1534 1824 pro
1568 1764 1653 1809 filia
1674 1780 1763 1821 sua,

117 1835 366 1882 combustus
398 1847 473 1883 est.

760 1946 839 1993 Nr.
878 1946 972 2003 198.
1006 1945 1122 2006 (83.)

258 2028 556 2074 Ministeriales
604 2030 730 2089 regis,
774 2046 958 2089 quorum
1002 2029 1195 2074 officium
1239 2041 1303 2074 est
1357 2030 1535 2074 bactinia
1578 2041 1763 2087 portare,

117 2102 341 2161 conquesti
373 2114 471 2147 sunt
503 2117 631 2160 super
664 2102 869 2147 comitem
903 2117 1055 2146 eorum
1086 2101 1268 2146 scilicet:
1301 2102 1382 2156 Uz,
1425 2101 1542 2161 quod
1585 2101 1761 2145 institu-

115 2185 208 2218 tum
261 2173 450 2219 debitum
507 2190 660 2219 eorum
717 2174 942 2228 excedens,
998 2173 1228 2218 indebitam
1279 2188 1405 2232 super
1460 2189 1537 2218 eos
1589 2173 1762 2217 fecisset

116 2246 399 2299 exactionem,
431 2247 592 2291 scilicet
637 2246 690 2290 ad
734 2246 1078 2292 aestimationem
1120 2257 1295 2290 centum
1338 2261 1587 2290 marcarum.
1635 2245 1761 2300 Quos

115 2317 321 2376 magister
351 2319 586 2377 Dionysius
619 2329 851 2376 praecepto
884 2318 995 2376 regis
1041 2317 1284 2371 discutiens,
1327 2317 1444 2362 misit
1485 2316 1538 2361 ad
1581 2332 1758 2361 examen

214 2540 220 2550 x
263 2498 275 2520 ¹
299 2498 408 2535 Nunc
434 2499 643 2535 Mezd-Tt'lr.

259 2557 274 2579 ²
298 2558 342 2594 ln
367 2559 528 2595 editione
554 2560 730 2606 principe:
758 2559 948 2605 legittime.

258 2617 273 2638 ³
297 2619 340 2654 In
366 2618 527 2654 editione
553 2620 715 2667 principe
742 2630 916 2655 erronee:
942 2619 1127 2664 magister.

259 2678 274 2698 ⁴
300 2679 413 2726 Supra
440 2690 494 2714 nr.
525 2689 600 2725 191.

1573 2759 1610 2794 15
