2170 3210
1721 167 1786 203 307

142 297 197 343 de
227 298 326 343 villa
357 299 503 353 Hem,l
536 313 615 357 pro
649 309 779 353 tutto,
814 310 857 343 et
888 298 1101 357 Henguch
1139 298 1281 344 iudico
1328 299 1427 344 ferri
1468 298 1617 344 fuisset
1660 301 1785 345 iusti-

142 369 306 424 ficatus,
335 371 683 429 praenominatus
724 371 877 429 Hagya
908 371 1112 415 remansit
1143 371 1185 415 in
1229 370 1386 416 iudicio
1431 386 1506 416 sex
1537 387 1788 427 marcarum,

141 455 185 487 et
226 458 280 487 eo
323 458 412 488 non
455 442 653 496 habente,
696 442 807 487 unde
853 458 930 487 sex
973 458 1136 487 marcas
1183 443 1464 501 persolveret,
1495 443 1622 489 iudex
1659 444 1786 490 huius

140 530 305 571 causae,
337 516 512 560 nomine
558 514 773 569 Nucden‚⁵¹
807 515 972 559 curialis
1006 531 1167 570 comes,
1198 530 1274 573 per
1305 532 1480 560 manum
1511 516 1702 575 pristaldi
1721 517 1787 562 sui

138 587 314 632 nomine
359 587 507 632 Luxa³
551 586 604 632 de
647 586 744 631 villa
791 586 963 640 Lomb‚⁴
1007 588 1153 646 posuit
1185 603 1284 632 eum
1328 600 1371 631 et
1403 604 1586 633 uxorem
1619 589 1709 634 eius
1742 601 1786 634 et

139 659 310 703 unicum
355 658 491 704 filium
528 659 738 715 eiusdem,
783 660 960 704 nomine
1004 659 1191 713 Abbeus,
1234 675 1314 718 pro
1358 676 1434 705 sex
1478 661 1630 706 marcis
1675 662 1786 720 apud

139 747 268 775 avum
298 747 437 786 suum,
468 731 643 776 nomine
676 731 923 786 Valderum,
943 731 1159 789 hospitem
1191 731 1244 776 de
1278 732 1447 779 Bichor.
1469 734 1572 788 Quo
1595 746 1786 788 mortuo,

138 804 344 850 remansit
387 803 600 862 praefatus
646 805 811 863 Hagya,
855 803 979 848 titulo
1024 803 1258 848 vadimonii
1308 804 1421 862 apud
1470 806 1575 858 Hus,
1619 817 1784 864 patrem

139 891 278 929 suum,
311 875 472 921 scilicet
504 875 640 920 filium
672 875 874 934 praedicti
906 875 1082 921 Valteri.
1114 876 1240 920 Patre
1274 888 1418 921 autem
1457 892 1536 921 suo
1570 876 1788 932 defuncto,

139 947 255 993 idem
286 949 438 1007 Hagya
469 950 674 995 remansit
705 950 759 1002 ei,
791 949 841 994 ab
874 965 928 994 eo
961 961 1104 994 autem
1128 949 1394 1007 saepedictus
1424 951 1575 1008 Hagya
1603 950 1785 995 redemit

139 1036 185 1065 se
217 1021 358 1079 ipsum
390 1033 433 1066 et
465 1037 649 1066 uxorem
682 1037 815 1076 suam,
846 1034 889 1066 et
920 1021 1054 1066 filium
1087 1037 1211 1067 suum
1243 1021 1420 1067 redditis
1453 1023 1492 1066 ei
1524 1038 1599 1067 sex
1618 1023 1785 1077 marcis,

139 1108 242 1152 quas
273 1092 324 1138 ab
369 1109 450 1138 avo
492 1109 572 1138 suo
616 1105 911 1149 mutuaverat;
943 1106 985 1139 et
1029 1095 1100 1147 ita,
1144 1094 1291 1140 debito
1336 1094 1529 1152 plenario
1574 1094 1784 1149 absoluto,

137 1166 341 1210 remansit
374 1178 417 1210 et
448 1166 538 1224 ipse
572 1177 616 1210 et
649 1182 757 1211 uxor
789 1182 864 1210 sua
896 1179 939 1211 et
971 1166 1080 1211 filins
1113 1166 1217 1211 liber
1248 1167 1291 1211 in
1322 1179 1589 1225 perpetuum.

770 1322 846 1366 Nr.
883 1324 977 1381 389.
1010 1323 1149 1383 (142.)

279 1405 372 1464 Ego
402 1405 646 1460 Benedicta,
667 1422 777 1450 uxor
799 1407 995 1464 Herczeg
1018 1406 1070 1451 de
1091 1422 1248 1465 genere
1270 1409 1416 1462 Borsa,
1438 1407 1597 1453 duabus
1618 1407 1781 1452 filiabus

134 1478 245 1522 meis
276 1477 393 1522 iuxta
424 1477 627 1522 natalium
660 1493 832 1522 suarum
870 1478 1121 1537 dignitatem
1165 1480 1373 1525 maritatis
1417 1492 1461 1524 et
1504 1480 1629 1525 rebus
1673 1481 1781 1524 meis

135 1548 298 1594 eisdem
329 1549 546 1608 legitime⁶
579 1549 761 1604 traditis,
795 1551 879 1594 emi
912 1566 934 1594 a
969 1563 1157 1609 cognato
1190 1567 1305 1606 mee,
1335 1552 1567 1597 Valeriano
1605 1565 1780 1597 cantore

134 1636 232 1666 cum
273 1621 535 1666 conscientia
580 1634 622 1666 et
669 1637 882 1667 consensu
927 1635 1212 1681 cognatorum
1260 1624 1364 1677 eiuS,
1407 1625 1565 1670 scilicet
1610 1625 1781 1679 Vstaur,

132 1692 272 1738 fratris
303 1693 408 1747 eius,
439 1705 483 1739 et
514 1694 711 1752 magistri
742 1695 912 1747 Aniani,
944 1695 1140 1740 avunculi
1173 1697 1277 1750 eiuS,
1305 1708 1349 1740 et
1369 1696 1565 1751 aliorum,
1586 1696 1780 1741 ancillam

131 1765 307 1810 nomine
338 1765 538 1824 Agnnam
571 1781 669 1810 cum
703 1765 869 1810 duobus
902 1766 1042 1811 filiolis
1066 1767 1169 1822 eius,
1190 1768 1347 1812 Hetam
1371 1768 1532 1814 scilicet
1555 1780 1598 1813 et
1620 1769 1781 1813 Furtun

131 1848 175 1881 et
221 1851 468 1895 proponens
516 1837 605 1882 dies
651 1837 864 1882 viduitatis
909 1854 1032 1883 meae
1078 1851 1121 1884 et
1163 1839 1336 1884 fliorum
1380 1855 1458 1898 pro
1504 1840 1683 1885 ecclesia
1727 1840 1779 1885 de

131 1908 276 1967 Vgra⁶
296 1924 609 1963 consummare,
631 1911 998 1968 appropinguante
1019 1911 1102 1955 iam
1136 1912 1320 1956 termino
1349 1913 1462 1957 vitae
1484 1928 1618 1966 meae,
1649 1928 1779 1970 prae-

130 1980 397 2025 nominatam
429 1981 625 2026 ancillam
664 1981 763 2026 dedi
808 1981 948 2027 eidem
993 1983 1211 2037 ecclesiae,
1254 1996 1300 2028 ut
1345 1985 1519 2043 singulis
1563 1985 1780 2029 mensibus

132 2052 204 2096 det
235 2052 288 2097 ad
320 2052 452 2098 altare
484 2053 633 2098 beatae
667 2054 858 2112 Virginis
893 2054 1111 2099 candelam
1145 2055 1268 2100 unius
1300 2056 1441 2110 cubiti,
1475 2069 1517 2101 et
1539 2057 1624 2101 hoc
1646 2072 1779 2116 usque

274 2209 286 2230 ¹
311 2211 426 2257 Supra
458 2210 497 2246 in
536 2222 642 2246 causa
684 2223 736 2246 nr.
781 2212 820 2246 18
859 2214 1061 2255 generatim
1099 2221 1242 2249 tantum
1281 2215 1383 2260 regio
1421 2214 1655 2249 habitationis
1693 2225 1778 2249 suae

127 2270 291 2305 innuitur
315 2281 410 2306 voce
438 2271 504 2306 «de
530 2270 709 2306 Kalatha»
737 2271 863 2316 (hodie
890 2283 1035 2319 quoque
1067 2273 1298 2320 Kalotaszeg)
1335 2274 1393 2309 hic
1432 2282 1554 2309 autem
1588 2274 1776 2320 speciatim

127 2328 336 2376 designatur
361 2341 486 2376 pagus,
512 2330 550 2365 in
577 2342 650 2378 quo
677 2330 874 2372 habitabat,
899 2340 1045 2379 eratque
1071 2333 1129 2368 hic
1161 2334 1269 2369 «villa
1296 2334 1415 2369 Hem»
1454 2334 1638 2379 Ungarice
1668 2334 1777 2368 Hem·

128 2388 235 2430 salva,
261 2389 393 2436 injuria
418 2396 626 2436 temporum
654 2391 726 2425 iam
752 2391 890 2427 dudum
916 2392 1083 2428 abolitus.

272 2447 285 2468 ²
311 2449 446 2484 Recte:
473 2449 643 2492 Nuetlen,
669 2458 708 2485 ut
734 2450 772 2485 in
799 2463 851 2486 nr.
883 2451 935 2486 18.

272 2507 286 2528 ³
312 2508 445 2545 Recte:
473 2509 582 2551 Luca,
609 2519 647 2546 ut
672 2513 709 2547 in
737 2523 789 2546 nr.
822 2511 874 2546 18.

272 2567 287 2587 ⁴
312 2567 356 2603 V.
383 2579 491 2615 supra
517 2581 571 2605 nr.
602 2570 655 2604 18.

273 2627 286 2647 ⁵
312 2628 353 2663 In
380 2628 540 2664 editione
567 2630 752 2677 principe:
779 2631 969 2677 legittime.

273 2686 288 2705 ⁶
314 2689 413 2734 Ugra
439 2689 477 2723 in
504 2700 601 2725 com.
628 2689 745 2725 Bihar.
772 2691 886 2738 Supra
913 2704 965 2727 nr.
993 2704 1049 2740 97.

1557 2770 1624 2804 20*
