2170 3210
739 700 928 747 Annus
966 701 1137 747 1208.²

721 805 844 849 1—4·
877 791 1165 850 (330-333·)

633 923 852 968 Numerus
891 937 923 968 1.
957 917 1095 983 (prius
1130 924 1251 984 330.)

260 1014 502 1059 venatores
534 1013 786 1059 bubalorum
818 1012 870 1057 de
901 1013 1000 1058 villa
1022 1013 1153 1072 Ypuff‘
1186 1015 1425 1059 citaverunt
1456 1013 1568 1058 filios
1599 1013 1767 1058 Gunter

112 1085 291 1132 scilicet:
322 1086 547 1140 Ananiam,
578 1086 775 1130 Azariam
809 1096 852 1130 et
896 1085 1157 1140 Missaelem‚
1198 1098 1296 1131 ante
1342 1101 1492 1145 regem
1535 1085 1767 1139 Andream‚

113 1158 318 1212 dicenteS,
350 1157 467 1219 quod
509 1169 621 1203 terra
659 1158 834 1202 nomine
879 1158 1088 1212 Deudas,3
1133 1158 1235 1203 iuris
1281 1174 1435 1204 eorum
1471 1169 1598 1212 esset,
1632 1170 1676 1201 et
1707 1157 1766 1201 illi

114 1230 327 1275 violenter
349 1242 654 1289 occupassent;
676 1230 767 1275 Rex
797 1241 941 1274 autem
963 1230 1181 1275 commisit
1202 1246 1371 1276 causam
1394 1246 1548 1275 eorum
1569 1229 1767 1283 Nicolao,

115 1303 263 1347 comiti
309 1302 468 1348 scilicet
516 1302 662 1347 curiali
708 1314 751 1346 et
799 1302 1054 1346 Posoniensi
1101 1302 1422 1348 discutiendam.
1476 1304 1592 1348 Ante
1636 1317 1765 1362 quem

111 1374 316 1433 praedicti
347 1386 578 1419 venatores
609 1389 655 1418 se
688 1385 1064 1432 recognoscentes,
1095 1374 1283 1419 confessi
1326 1386 1436 1432 sunt,
1469 1390 1514 1419 se
1552 1374 1766 1433 praefatos

112 1445 266 1492 fratres
298 1446 351 1491 de
383 1458 495 1491 terra
526 1445 595 1490 illa
627 1446 781 1491 iniuste
813 1446 1060 1503 impetiisse.
1094 1446 1227 1491 Iudex
1261 1448 1403 1507 itaque
1437 1446 1538 1492 dato
1559 1446 1764 1506 pristaldo

112 1519 289 1563 nomine
321 1518 532 1577 Topazio,
564 1517 616 1562 de
647 1517 747 1562 villa
780 1517 931 1571 Satar‚4
964 1517 1224 1576 praedictam
1262 1531 1422 1565 terram
1466 1520 1620 1564 metari
1664 1518 1765 1563 fecit

259 1650 271 1672 ¹
299 1651 534 1687 Monitnm.
564 1651 686 1687 Notae
713 1651 1009 1698 compendiariae
1036 1652 1209 1687 editionis
1236 1653 1409 1699 principis
1434 1653 1472 1688 in
1503 1652 1571 1688 hac
1602 1652 1764 1688 editione

112 1711 379 1758 chronologice
416 1711 555 1758 digesta
593 1711 790 1748 dissolutae
829 1711 1036 1758 mendaque
1074 1720 1196 1759 aperta
1229 1713 1426 1748 emendata
1463 1720 1559 1754 sunt,
1598 1713 1766 1748 nomini·

113 1773 179 1807 bus
204 1772 359 1819 propriis
386 1779 509 1807 tamen
536 1773 671 1807 intacte
697 1771 841 1807 relictis.
874 1771 946 1807 Sed
986 1780 1021 1807 et
1059 1773 1118 1808 ubi
1156 1780 1273 1808 errata
1311 1773 1547 1816 correximus,
1586 1772 1765 1808 lectiones

112 1832 285 1868 editionis
311 1833 483 1878 principis
508 1833 602 1867 inter
628 1843 789 1867 caeteras
815 1831 1089 1868 observationes
1115 1833 1342 1869 exhibemus.

258 1891 301 1927 In
327 1891 628 1939 explicationibus
654 1892 852 1928 nominum
878 1892 1048 1928 locorum
1066 1892 1131 1928 has
1149 1893 1293 1939 regulas
1318 1904 1403 1940 prae
1424 1892 1540 1928 oculis
1558 1892 1765 1929 habuimus.

115 1951 238 1988 Litera
263 1953 342 1987 sin
368 1959 530 1998 regestro
556 1963 674 1998 saepe,
714 1952 818 1987 litera
855 1960 978 1988 autem
1021 1952 1063 1988 sh
1103 1952 1179 1988 fere
1217 1963 1364 1999 semper
1399 1952 1580 1999 significat
1618 1963 1766 1993 sonum,

112 2012 212 2060 quod
239 2023 338 2047 nunc
363 2011 466 2048 litera
494 2024 530 2047 cs
556 2020 738 2048 notamus.
767 2013 990 2048 Consonans
1016 2025 1038 2047 n
1064 2020 1231 2060 tempore
1269 2021 1437 2049 currente
1476 2013 1513 2048 in
1552 2012 1767 2048 nominibus

114 2073 285 2108 locorum
310 2073 349 2108 in
376 2080 648 2108 consonantem
674 2073 697 2113 l,
725 2084 936 2108 consonans
963 2080 1087 2108 autem
1114 2073 1134 2107 k
1160 2072 1221 2117 (c),
1244 2073 1294 2108 vch
1321 2072 1379 2108 vel
1405 2073 1430 2108 h
1457 2080 1541 2108 ante
1559 2072 1650 2108 alios
1677 2083 1767 2107 con-

114 2140 289 2168 sonantes
315 2134 353 2168 in
380 2140 648 2168 consonantem
668 2135 688 2179 j
713 2140 873 2168 mutatus
900 2140 964 2168 est.
990 2132 1111 2168 Litera
1138 2145 1158 2167 u
1197 2133 1461 2180 orthographia
1499 2134 1578 2168 aevi
1617 2134 1765 2178 regestri

114 2192 375 2229 Varadinensis
400 2204 513 2229 sonos
538 2193 650 2228 etiam
677 2203 712 2235 o,
726 2195 762 2235 ό,
777 2201 813 2228 et
839 2197 861 2227 u
888 2193 1050 2228 notabat.
1071 2193 1198 2235 Porro,
1225 2195 1390 2241 quamvis
1417 2194 1572 2229 nomina
1597 2193 1766 2228 locorum

116 2253 156 2289 in
182 2253 345 2290 editione
371 2255 532 2301 principe
559 2261 613 2289 sat
640 2254 782 2300 integre
809 2253 1037 2294 exhibentur,
1066 2265 1337 2300 nonnunquam
1363 2262 1489 2290 tamen
1515 2253 1600 2288 loco
1642 2253 1766 2288 literae

114 2326 132 2349 z
158 2325 280 2350 errore
306 2314 445 2349 scribae
471 2322 532 2349 aut
559 2315 635 2361 typi
661 2313 765 2349 litera
791 2314 823 2356 h,
862 2313 946 2349 loco
974 2313 1098 2349 literae
1125 2321 1138 2348 t
1164 2313 1267 2350 litera
1293 2326 1311 2349 c
1337 2322 1373 2350 et
1399 2325 1419 2349 e
1446 2314 1643 2354 contrario,
1682 2312 1764 2348 loco

114 2373 258 2421 syllabe
285 2385 346 2416 nu,
373 2373 513 2421 syllaba
539 2376 586 2408 mi
612 2381 809 2409 occurrunt
835 2375 1136 2421 correct10neque
1164 2382 1267 2409 cauta
1294 2374 1470 2419 indigent.

259 2433 272 2455 ¹
299 2433 418 2469 Hodie
443 2434 519 2480 Ipp,
546 2444 660 2480 pagus
687 2435 725 2469 in
755 2434 931 2469 comitatu
965 2433 1111 2481 Szilzigy
1148 2434 1237 2469 alias
1274 2435 1444 2470 Kraszna.
1485 2434 1576 2468 Vide
1615 2433 1767 2468 inferius

115 2506 313 2530 numerum
339 2497 396 2529 60.

258 2554 272 2574 ³
298 2553 415 2589 Hodie
442 2553 597 2597 Ded-Aes,
612 2555 801 2602 praedium
828 2564 921 2601 pago
940 2554 1113 2590 Lecsmer
1133 2555 1346 2590 adiunctum
1366 2556 1403 2590 in
1423 2555 1599 2589 comitatu
1620 2553 1766 2600 Szilagy

111 2613 204 2649 alias
230 2614 400 2650 Kraszna.

257 2673 272 2695 ⁴
299 2673 486 2709 Hodierna
512 2674 775 2721 orthographia
803 2674 942 2709 Csatz'ir.
