2170 3210
419 178 490 224 236

1072 345 1150 390 Nr.
1183 359 1281 390 222.
1313 346 1400 405 (9.)

563 427 702 472 Abbas
747 428 798 472 de
842 428 942 472 loco
987 428 1157 473 Triskai
1174 430 1190 455 ²
1232 429 1493 473 monasterio
1536 428 1716 487 litigavit
1760 444 1858 474 cum
1907 429 2052 476 abbate

422 499 672 545 monasterii
683 499 928 554 Poroszlo,²
944 511 985 544 et
998 511 1180 558 patrono
1196 500 1388 545 eiusdem
1404 499 1620 554 ecclesiae,
1634 499 1794 545 scilicet
1815 500 2053 558 Borokun‚³

419 585 500 628 pro
531 570 684 629 viginti
714 571 867 615 marcis
901 586 1046 616 coram
1078 572 1261 617 Bacione
1294 571 1466 625 comite,
1496 571 1631 616 iudice
1664 587 1689 616 a
1719 587 1822 630 rege
1844 570 2054 631 delegato,

421 641 625 699 pristaldo
658 642 826 686 Primus
860 642 911 686 de
942 641 1040 686 villa
1072 643 1282 700 Vosyan.⁴
1316 643 1406 697 Qui
1437 642 1489 687 ad
1510 657 1690 687 examen
1711 642 1813 687 ferri
1833 642 2053 688 candentis

423 713 584 767 directi,
621 713 762 758 taliter
807 726 1114 767 convenerunt,
1146 713 1261 774 quod
1292 714 1415 758 abbas
1447 714 1500 759 de
1531 714 1718 758 Porozlo
1764 725 1807 759 et
1849 714 2054 760 Borokun

421 784 574 830 darent
605 785 740 830 abbati
770 786 1020 830 monasterii
1052 785 1222 830 Triskai
1253 800 1327 830 sex
1354 800 1529 839 marcas,
1549 796 1592 829 et
1611 784 1741 829 iidem
1763 796 2055 831 convenerunt

423 855 525 900 dare
557 872 685 901 unam
717 872 903 901 marcam
935 856 1153 914 pristaldo,
1184 867 1348 914 partem
1378 871 1484 901 vero
1514 856 1662 901 iudicis
1718 856 1841 901 abbas
1884 856 2054 902 Triskai

421 927 666 985 persolvere
697 939 924 973 teneretur.

1070 1047 1145 1091 Nr.
1178 1060 1276 1106 223.
1310 1045 1421 1106 (ro.)

566 1133 729 1184 Petrus,
759 1130 958 1188 ioubagio
999 1130 1123 1174 castri
1155 1129 1333 1184 Borsod,
1364 1130 1545 1188 impetiit
1591 1140 1822 1174 castrenses
1867 1129 2054 1175 eiusdem

422 1202 564 1255 castri,
607 1202 765 1246 scilicet
810 1201 861 1246 de
906 1201 1004 1245 villa
1048 1201 1207 1256 Beleta,
1248 1214 1290 1246 et
1334 1201 1385 1245 de
1429 1200 1526 1245 villa
1566 1200 1733 1245 Lanczii
1778 1212 1822 1245 et
1866 1200 1919 1246 de
1956 1200 2056 1245 villa

423 1272 662 1327 Mulchun,⁵
706 1284 749 1318 et
792 1272 844 1317 de
887 1271 984 1316 villa
1027 1271 1267 1317 Zudesthan
1283 1274 1301 1300 ⁰
1346 1283 1389 1317 et
1433 1272 1485 1316 de
1528 1271 1625 1316 villa
1667 1271 1867 1326 Shazka,'¹
1898 1271 2054 1325 dicens,

423 1344 540 1403 quod
562 1343 751 1388 officium
773 1359 921 1388 eorum
946 1354 1058 1388 esset
1085 1358 1274 1388 carceres
1297 1342 1522 1388 custodire.
1545 1342 1609 1387 nli
1631 1354 1773 1387 autem
1795 1358 1818 1387 e
1841 1342 2054 1388 contrario

423 1415 632 1469 dixerunt,
664 1415 780 1475 quod
810 1415 964 1460 milites
997 1415 1168 1474 quidem
1199 1416 1327 1459 castri
1358 1425 1499 1459 essent
1517 1413 1570 1458 ad
1601 1413 1945 1471 belligerandum,
1965 1428 2054 1458 non

422 1487 476 1531 ad
508 1502 720 1532 carcerem
762 1486 1100 1531 custodiendum.
1146 1487 1271 1540 Quos
1315 1485 1537 1538 Theodor,
1581 1500 1727 1529 comes
1772 1500 1939 1540 eorum,
1983 1484 2052 1529 di-

422 1559 623 1612 scutiens,
663 1573 739 1615 per
781 1557 1030 1615 pristaldum
1073 1557 1247 1601 nomine
1292 1556 1553 1614 Stephanum
1598 1555 1650 1600 de
1693 1555 1790 1600 villa
1831 1555 2055 1609 Nemeth‚⁸

569 1688 578 1710 ¹
605 1690 712 1725 Nunc
744 1690 900 1726 Tereske
926 1691 964 1726 in
991 1701 1087 1725 com.
1112 1689 1261 1735 Nogrz'id
1287 1701 1307 1724 a
1331 1688 1492 1724 Vadkert
1516 1687 1708 1724 meridiem
1733 1698 1866 1723 versus.
1899 1686 2051 1722 Confer.

422 1750 549 1785 Knauz
574 1750 675 1786 Mon.
702 1750 810 1796 Strig.
836 1749 862 1785 I.
888 1759 970 1793 424.

565 1809 579 1828 ²
605 1809 778 1845 Poroszlo
804 1810 842 1844 in
868 1820 965 1845 com.
991 1808 1118 1844 Heves.
1146 1807 1297 1843 Confer.
1329 1807 1480 1842 Wenzel
1504 1806 1549 1841 V.
1576 1816 1655 1841 202.
1682 1813 1717 1842 et
1742 1817 1847 1852 supra
1885 1817 1938 1841 nr.
1979 1804 2055 1850 189,

424 1868 530 1904 infra.
557 1880 610 1903 nr.
633 1868 710 1913 328.

566 1927 580 1947 ⁸
604 1928 632 1962 E
668 1939 804 1974 genere
830 1929 998 1963 Sartivz'in
1034 1935 1147 1969 ortus,
1185 1927 1246 1974 qui
1285 1927 1398 1962 etiam
1435 1937 1582 1973 pagum,
1619 1925 1844 1961 monasterio
1882 1917 2055 1960 Poroszlo

423 1989 597 2029 vicinum,
623 1987 714 2023 olim
739 1988 852 2023 Iovan
876 1987 935 2023 vel
960 1987 1102 2023 brevius
1126 1987 1213 2022 Ivan
1240 1997 1337 2022 nunc
1364 1993 1486 2021 autem
1511 1985 1644 2020 Ivzinka
1669 1985 1869 2020 vocitatum
1887 1983 1954 2019 sibi
1969 1994 2057 2019 ven-

425 2046 544 2082 dicare
568 2046 715 2095 studuit.
742 2046 891 2089 Confer,
916 2046 1012 2082 infra
1049 2057 1102 2081 nr.
1144 2045 1221 2090 328.
1258 2044 1420 2080 Wenzel.
1457 2044 1502 2079 V.
1528 2053 1608 2079 202.
1645 2043 1800 2084 Kandra,
1837 2041 1981 2077 Adatok
2018 2053 2057 2077 az

422 2107 500 2153 egri
538 2106 811 2153 egyhzizmegye
848 2106 1111 2141 tortenetehez.
1136 2105 1163 2140 1.
1190 2104 1246 2149 63.
1272 2104 1334 2140 sed
1360 2104 1433 2139 hoc
1465 2104 1622 2150 corrigas
1657 2103 1857 2138 secundum
1881 2112 1973 2149 opus
1998 2101 2056 2137 cit.

425 2166 510 2202 Des.
529 2165 675 2202 Csanki.
701 2166 726 2200 Ι.
746 2164 809 2210 ⁶3·
836 2165 969 2201 Habuit
994 2168 1206 2211 cognatum,
1221 2163 1396 2199 Fancsika
1413 2164 1573 2198 nomine.
1595 2161 1746 2208 Katolyi
1764 2160 1882 2197 csalzid
1900 2160 2058 2196 oklevel-

421 2228 512 2261 utra.
540 2227 566 2261 Ι.
592 2230 623 2273 1.

569 2285 583 2305 ⁴
609 2285 725 2332 Pagus
750 2284 929 2331 Varsziny,
955 2284 1017 2319 sed
1043 2285 1120 2330 quis
1145 2293 1167 2318 e
1193 2282 1346 2319 multis?

568 2345 581 2364 ⁵
606 2345 713 2380 Nunc
738 2355 850 2391 pagus
874 2344 1054 2390 Mucsony
1080 2343 1123 2378 ab
1150 2342 1314 2388 Edeleny
1340 2340 1567 2376 occidentem
1593 2350 1715 2375 versus
1733 2339 1771 2374 in
1788 2349 1885 2374 com.
1904 2336 2057 2372 Borsod.

567 2404 581 2424 ‘³
605 2404 656 2440 Ut
680 2403 989 2450 praemonuimus,
1015 2402 1137 2437 literae
1164 2401 1196 2436 H
1223 2409 1258 2436 et
1284 2400 1308 2436 Z
1335 2400 1467 2447 pluries
1499 2405 1746 2434 commutatae
1785 2400 1870 2432 sunt
1907 2397 1946 2432 in
1983 2395 2057 2431 edi-

424 2465 527 2500 tione
552 2463 725 2510 principe.
751 2462 791 2498 Si
816 2463 923 2509 proin
948 2461 1021 2496 hoc
1059 2471 1196 2497 nomen
1233 2458 1444 2495 Hudesthan
1482 2458 1646 2502 legimus,
1685 2456 1789 2492 facile
1827 2457 2058 2502 agnoscimus

425 2525 463 2558 in
490 2535 535 2559 eo
562 2523 700 2564 locum,
726 2522 785 2569 qui
811 2533 842 2556 a.
874 2530 973 2564 1439.
1000 2527 1035 2556 et
1061 2519 1146 2555 alias
1164 2519 1395 2565 Hradystyan
1412 2517 1584 2558 scribitur,
1604 2527 1701 2552 nunc
1719 2523 1840 2550 autern
1858 2514 2057 2560 Radistyzin

418 2590 574 2618 *vocatur
599 2589 635 2617 et
659 2593 679 2616 a
704 2579 920 2627 Dios-Gydr
945 2579 1247 2626 septemtrionem
1272 2589 1393 2613 versus
1418 2578 1506 2612 situs
1532 2584 1595 2612 est.

573 2641 585 2663 ⁷
611 2641 720 2677 Nunc
746 2639 936 2687 praedium
961 2638 1108 2674 Csziszta
1133 2637 1280 2673 ibidem.

566 2700 579 2720 ⁸
604 2700 712 2736 Nunc
738 2698 987 2744 sajo-Nemeti
1013 2698 1051 2732 in
1078 2708 1173 2733 com.
1198 2696 1350 2731 Borsod.
