2170 3210
421 153 469 199 76

432 307 447 335 1
461 307 476 336 1
490 307 506 336 1
534 292 675 349 detegi
695 293 852 350 nequit,
865 292 1019 336 horum
1040 303 1206 349 tempus
1228 291 1391 334 aliunde
1411 291 1531 334 nobis
1553 291 1913 336 determinandum
1928 306 2028 338 erat.

555 362 758 406 Indicium
781 374 942 407 certum
964 374 1006 407 et
1036 362 1206 406 evidens
1239 362 1335 405 anni
1370 375 1482 418 1214
1511 376 1599 405 non
1629 361 1671 405 in
1700 363 1852 419 primo,
1882 364 1957 408 sed
1986 365 2029 409 in

419 433 604 478 secundo
647 433 845 477 fasciculo
889 448 951 476 nr.
997 446 1196 489 74-——103
1243 429 1524 491 (300—329)
1573 432 1813 488 reperimus
1863 434 2030 479 Etenim

416 504 625 548 referente
645 514 740 547 test.
761 519 823 547 nr.
847 506 931 548 600
954 502 1096 562 (326),
1115 503 1199 547 hoc
1225 504 1269 546 in
1299 517 1396 546 casu
1427 501 1624 546 Salamon
1655 517 1799 547 comes
1830 504 2029 549 Bitcsien-

416 575 471 619 sis
523 574 740 619 iudicabat.
799 574 879 618 Hic
938 585 1079 617 autem
1130 574 1269 617 solum
1320 588 1352 617 a.
1413 586 1534 629 1214.
1578 573 1745 616 comitis
1802 574 2030 620 BAcsiensis

416 660 568 689 munus
600 645 741 702 gessit.

560 715 628 759 Sic
668 714 822 772 pedem
868 713 1054 772 figendo,
1098 714 1132 757 si
1175 714 1496 758 transcurrimus
1543 724 1637 759 test.
1686 714 1808 758 huius
1860 717 2030 762 secundi

418 786 609 839 fasciculi,
653 785 896 829 catervatim
942 785 1061 829 nobis
1100 796 1327 829 occurrunt
1364 783 1514 828 indicia
1551 785 1766 841 temporiS‚
1798 801 1902 844 quae
1934 803 2030 831 cum

418 856 680 900 documentis
724 867 766 899 et
807 856 1074 908 testimoniis,
1117 855 1230 912 prius
1277 870 1309 898 a.
1353 867 1460 912 1213
1495 854 1578 897 iam
1610 854 1793 912 digestis,
1824 857 2031 902 coniicere

418 942 652 984 possumus.
686 926 753 970 Sic
784 937 879 970 test.
911 941 974 971 nr.
1009 928 1077 981 89,
1110 939 1178 982 95,
1215 939 1291 983 103
1327 924 1602 968 referentibus
1634 925 1834 970 Nicolaus
1871 926 1948 970 fuit
1978 944 2030 972 eo

419 1010 611 1054 tempore
642 997 857 1053 palatinus,
887 996 1118 1040 secundum
1150 1006 1243 1039 test.
1275 1011 1336 1039 nr.
1369 1010 1437 1052 73,
1470 997 1537 1047 86,
1570 997 1637 1052 87,
1669 1009 1736 1052 97,
1780 1010 1873 1041 101.
1916 999 2032 1042 Mika

419 1068 496 1112 fuit
527 1082 670 1111 comes
702 1066 972 1120 Bihariensis,
1003 1065 1235 1109 secundum
1266 1076 1357 1109 test.
1389 1080 1449 1108 nr.
1483 1066 1551 1122 85,
1584 1078 1651 1122 92,
1683 1068 1751 1121 96,
1783 1080 1851 1124 97,
1883 1080 1925 1111 et
1953 1082 2031 1114 102

419 1138 570 1182 Paulus
614 1137 691 1181 fuit
734 1152 878 1181 comes
923 1137 1084 1181 curialis
1126 1136 1388 1189 Bihariensis,
1430 1135 1639 1180 referente
1686 1152 1792 1180 vero
1840 1148 1932 1183 test.
1978 1141 2029 1198 83

420 1208 631 1253 Nevetlen
662 1208 738 1251 fuit
770 1223 915 1251 comes
948 1208 1110 1251 curialis
1141 1206 1442 1251 Zarandiensis.
1475 1207 1660 1265 Aequale
1704 1213 1869 1262 munus,
1908 1222 2034 1266 prout

421 1281 463 1323 in
488 1290 577 1323 test.
609 1294 671 1323 nr.
705 1292 773 1335 71,
806 1278 856 1322 81
891 1278 1066 1336 leginus,
1097 1278 1141 1321 in
1172 1278 1374 1322 comitatu
1405 1278 1590 1321 Kraszna
1620 1277 1745 1335 Topa
1775 1279 1915 1336 gessit.
1946 1281 2035 1323 Iam

421 1365 525 1394 vero
576 1349 838 1393 documentis
880 1348 1128 1393 testantibus
1172 1364 1206 1394 a.
1251 1361 1362 1405 1214
1416 1363 1563 1391 revera
1601 1348 1802 1392 Nicolaus
1861 1365 2033 1395 munera

421 1420 667 1477 palatinatus
711 1419 960 1475 fungebatur
1009 1418 1067 1478 (a.
1123 1432 1228 1476 1215
1281 1419 1364 1462 iam
1415 1418 1523 1476 non)
1578 1429 1621 1462 et
1670 1419 1786 1462 Mika
1832 1421 2032 1464 comitem

424 1489 708 1534 Bihariensem
740 1490 836 1547 egit.
868 1490 913 1533 E.
945 1501 1038 1533 test.
1071 1505 1131 1532 nr.
1171 1504 1236 1547 37,
1267 1502 1337 1546 42,
1372 1502 1422 1545 52
1456 1503 1586 1547 aeque
1619 1500 1783 1532 certum
1813 1501 1878 1533 est
1920 1491 2033 1534 Pau-

428 1560 527 1614 lum,
558 1561 768 1604 Nevetlen
799 1572 841 1604 et
872 1560 998 1617 Topa
1029 1560 1176 1603 ultimo
1209 1560 1410 1603 trimestri
1442 1574 1476 1602 a.
1516 1573 1622 1616 1213
1658 1559 1841 1616 praefata
1862 1575 2034 1604 munera

427 1631 606 1687 gessisse
638 1631 829 1688 adeoque
862 1642 1193 1674 consentaneum
1225 1642 1301 1683 est,
1331 1630 1366 1673 si
1396 1630 1532 1687 primo
1558 1631 1751 1674 semestri
1766 1645 1801 1675 a.
1829 1644 1940 1688 1214
1959 1646 2034 1675 eos

425 1702 579 1745 iterum
617 1701 879 1745 offendimus.
911 1703 1024 1745 Nam
1056 1701 1113 1743 sic
1145 1711 1306 1743 tantum
1349 1715 1524 1743 munera
1570 1715 1644 1743 sua
1680 1700 1851 1744 ulterius
1894 1702 2033 1744 conti-

426 1783 614 1815 nuarunt.
660 1772 692 1815 E
736 1771 946 1815 contrario
991 1771 1077 1814 aliis
1121 1771 1236 1814 annis
1281 1785 1355 1813 eos
1407 1770 1559 1814 iterum
1604 1770 1752 1814 iisdem
1797 1771 2036 1815 muneribus

427 1841 648 1899 fungentes
706 1842 888 1899 reperire
930 1841 1055 1898 genio
1100 1840 1207 1884 illius
1252 1843 1410 1893 aetatis,
1454 1840 1682 1896 repentinis
1737 1841 2037 1884 mutationibus

429 1923 611 1964 assueto,
642 1912 815 1955 minime
847 1910 1085 1968 respondet.

570 1981 766 2025 Obiicere
799 1983 889 2040 quis
919 1993 1064 2038 posset
1094 1981 1356 2025 functionem
1387 1980 1553 2024 Nicolai
1582 1980 1751 2037 palatini
1793 1980 1904 2024 haud
1946 1996 2038 2025 esse

430 2051 627 2095 indicium
651 2044 839 2096 'evidens
883 2067 918 2097 a.
966 2066 1089 2109 1214,
1121 2066 1219 2095 nam
1263 2051 1380 2094 annis
1417 2064 1525 2107 1219
1543 2064 1641 2094 —22
1675 2062 1718 2094 et
1753 2052 1862 2094 1226
1898 2050 2037 2094 denuo

430 2122 493 2165 vir
542 2122 742 2166 Nicolaus
771 2123 964 2166 nomine
1015 2123 1214 2180 dignitate
1265 2121 1433 2179 palatini
1485 2121 1637 2165 floruit.
1685 2121 1815 2180 Atqui
1857 2137 2037 2165 unacum

432 2193 609 2236 Nicolao
634 2193 822 2250 palatino
854 2195 897 2236 in
929 2205 1024 2237 test.
1058 2209 1117 2238 nr.
1152 2195 1220 2249 89,
1252 2206 1303 2249 95
1339 2203 1381 2235 et
1419 2205 1495 2249 103
1531 2192 1748 2235 nominato
1787 2196 1965 2235 occurrit
1996 2192 2039 2235 in

432 2274 522 2308 test.
554 2278 613 2307 nr.
647 2278 699 2320 97
733 2263 864 2323 (323)
895 2264 1044 2307 Simon
1075 2264 1294 2320 episcopus
1326 2262 1606 2306 Varadiensis.
1647 2262 1829 2305 Simonis
1871 2262 2039 2319 episco-

432 2346 550 2390 patus
565 2333 830 2377 Varadiensis
845 2350 879 2379 a.
902 2335 1009 2378 1218
1032 2333 1190 2386 desiit,²
1211 2348 1313 2390 ergo
1337 2332 1535 2377 Nicolaus
1556 2332 1638 2384 hic,
1662 2333 1731 2390 qui
1753 2331 1904 2375 eodem
1925 2343 2038 2375 tem-

432 2419 536 2460 pore
569 2419 615 2447 ac
648 2404 795 2446 Simon
827 2404 1088 2461 fungebatur,
1118 2418 1247 2447 nemo
1280 2402 1396 2456 alter,
1428 2417 1552 2460 quam
1582 2403 1651 2460 qui
1676 2416 1902 2460 1213—14
1922 2401 2039 2458 pala-

433 2474 507 2516 tini
538 2489 688 2517 munus
721 2474 862 2530 gessit,
894 2484 992 2518 erat.

576 2626 586 2646 ¹
614 2627 810 2672 Bunyitay:
838 2627 870 2660 A
895 2626 1015 2661 varadi
1041 2626 1242 2673 piispokseg
1266 2630 1348 2661 tort.
1374 2626 1400 2660 1.
1426 2635 1481 2672 94.
