2170 3210
509 730 1070 786 DEMONSTRATIO
1122 729 1459 784 SPECIALIS

301 838 783 885 CHRONOLOGIAE
824 838 1342 884 TESTIMONIORUM
1386 839 1674 885 REGESTRI

755 925 791 969 V
798 923 1195 969 ARADINENSIS.
1204 925 1221 951 ¹

299 1081 361 1126 Ut
392 1081 640 1126 testimonia
671 1081 810 1125 exitus
842 1081 942 1125 ferri
974 1080 1193 1125 candentis
1224 1081 1268 1125 in
1289 1092 1487 1139 regestro
1521 1080 1806 1125 Varadinensi

162 1164 365 1198 contenta
397 1153 530 1206 annis,
563 1153 715 1213 quibus
737 1168 936 1207 evenere,
956 1153 1206 1207 tribuantur,
1224 1153 1444 1213 hucusque
1468 1153 1644 1198 unicum
1664 1153 1806 1197 solum

162 1236 398 1280 tentamen‚
450 1225 620 1284 hocque
672 1225 945 1283 repentinum
996 1240 1045 1269 ac
1094 1224 1303 1270 imbecille
1351 1225 1545 1284 contigit.
1592 1225 1807 1283 Georgius

162 1298 298 1357 Fejer,
345 1296 520 1343 Codicis
572 1297 848 1356 Diplomatici
896 1297 1139 1356 Hungariae
1192 1297 1486 1351 concinnator,
1547 1297 1809 1351 testimonia,

159 1385 268 1430 quae
298 1369 383 1414 huc
414 1369 597 1430 illucque
629 1370 673 1414 in
704 1381 900 1429 segestro
921 1381 1025 1414 nota
1047 1369 1146 1414 anni
1178 1369 1342 1428 signata
1374 1381 1620 1423 occurrunt,
1652 1370 1807 1414 termi-

158 1456 314 1487 norum
358 1442 490 1487 instar
533 1440 736 1496 adhibuit,
779 1442 1110 1501 testimoniaqua
1150 1441 1449 1501 subsequentia
1492 1441 1651 1486 eodem
1683 1457 1809 1495 anno,

158 1528 288 1573 quern
318 1514 600 1572 praemissum
632 1514 930 1559 testimonium
962 1513 1164 1567 exhibuit,
1196 1513 1426 1572 contigisse
1466 1514 1643 1571 putavit,
1674 1529 1807 1572 usque

305 1658 315 1679 ¹
340 1658 470 1694 Statim
495 1659 532 1694 in
558 1659 723 1705 ingressu
750 1658 894 1694 veniam
922 1670 942 1693 a
968 1658 1156 1695 benevolis
1182 1658 1376 1694 lectoribus
1402 1659 1492 1694 mihi
1518 1667 1640 1706 petere
1663 1667 1808 1706 oportet

159 1719 208 1754 ob
257 1719 376 1754 minus
431 1718 636 1765 elegantem
675 1728 709 1754 et
752 1718 887 1754 cultam
929 1718 1145 1754 latinitatem
1179 1718 1285 1753 huius
1336 1718 1626 1754 elucubrationis.
1673 1719 1805 1765 Scripsi

158 1797 206 1804 —
231 1778 282 1814 uti
308 1778 460 1814 candide
486 1777 602 1813 fateor
626 1798 672 1803 -
698 1778 793 1813 hanc
820 1778 1128 1814 elucubrationem
1154 1778 1347 1825 Hungarus
1373 1779 1568 1823 hungarice
1608 1787 1642 1814 et
1680 1787 1806 1825 postea

157 1837 337 1874 latinitate
361 1838 508 1882 donavi,
535 1838 630 1873 unde
656 1837 764 1873 facile
790 1838 952 1885 contigit,
979 1846 1017 1873 ut
1052 1838 1250 1874 nonnullae
1288 1839 1576 1875 constructiones
1601 1839 1806 1883 verborum,

157 1897 305 1945 linguae
330 1898 544 1934 vernaculae
569 1898 734 1945 propriae
760 1898 797 1933 in
824 1899 891 1934 hac
917 1900 1084 1934 versione
1116 1899 1368 1935 remanserint.
1403 1899 1540 1944 Magno
1579 1899 1662 1935 dein
1695 1899 1808 1946 impe·

159 1957 323 1993 dimento
349 1956 427 2001 fuit,
454 1958 648 2005 quominus
675 1958 796 2005 purius
822 1958 952 1994 Latino
977 1969 1147 1994 sermone
1174 1967 1264 2001 utar,
1290 1959 1441 1994 materia
1475 1960 1565 2006 ipsa,
1604 1970 1694 2006 quae
1732 1967 1806 1994 erat

158 2017 357 2053 tractanda.
384 2017 501 2065 Leges
527 2019 637 2060 enim,
665 2018 903 2061 conditiones,
940 2030 1072 2061 mores,
1099 2019 1328 2066 magistratus
1367 2019 1524 2066 aliasque
1565 2031 1633 2060 res,
1662 2020 1730 2055 hac
1769 2020 1806 2054 in

159 2077 429 2114 elucubratione
468 2078 574 2114 toties
599 2077 726 2113 allatas
752 2078 889 2114 classici
916 2086 1079 2114 auctores
1104 2079 1250 2123 penitus
1277 2080 1459 2126 ignorant.
1486 2079 1645 2115 Romani
1685 2088 1805 2114 autem

158 2137 298 2184 imperii
324 2137 485 2174 instituta
511 2149 709 2185 eorumque
735 2139 886 2173 nomina
912 2138 1121 2185 simpliciter
1154 2139 1335 2183 institutis,
1367 2150 1460 2186 quae
1498 2147 1617 2175 aetate
1654 2139 1804 2185 regestri

158 2196 420 2234 Varadinensis
446 2198 603 2245 viguere.
632 2199 823 2234 attribuere
850 2198 950 2234 nefas
976 2198 1241 2246 lectoribusque
1279 2211 1440 2235 errorem
1477 2199 1670 2235 offunderis
1709 2208 1806 2245 puta·

160 2257 290 2293 vimus.
316 2257 410 2294 Hinc
436 2258 570 2294 utimur
595 2259 757 2300 vocibus.
784 2258 867 2301 alio,
894 2270 1002 2306 quam
1027 2259 1120 2305 apud
1146 2259 1337 2307 scriptores
1363 2259 1550 2295 aurei-ut
1577 2258 1804 2294 aiunt—aevi

159 2317 364 2353 literaturae
388 2318 591 2360 Romanae.
617 2330 724 2355 sensu
750 2319 878 2354 sumtis
905 2318 961 2354 vel
987 2319 1097 2354 etiam
1112 2319 1260 2355 vocibus
1278 2319 1403 2367 priscis
1428 2319 1631 2355 auctoribus
1664 2318 1805 2365 penitus

158 2377 364 2424 incognitis.
389 2377 509 2414 Voces
535 2387 655 2415 autem
681 2379 820 2414 circiter
847 2378 915 2414 hae
942 2387 1041 2414 sunt:

302 2437 488 2474 Palatinus
514 2439 693 2485 significat
711 2449 897 2474 summum
914 2447 995 2484 post
1010 2439 1105 2486 regis
1125 2440 1339 2486 dignitatem
1360 2440 1622 2487 magistratum.
1643 2439 1804 2486 adeoque

158 2497 432 2533 belliductorem
457 2507 492 2534 et
517 2498 672 2535 iudicem
698 2510 883 2534 summurn
907 2506 988 2546 post
1014 2510 1149 2546 regem.

303 2557 411 2594 Iudex
437 2559 555 2595 curiae
580 2559 673 2605 regis
699 2560 878 2605 significat
903 2559 1059 2595 iudicem
1085 2560 1283 2596 secundum
1308 2569 1388 2607 post
1413 2571 1550 2606 regem.

304 2617 438 2653 Comes
464 2618 639 2664 significat
665 2619 794 2664 virum,
822 2620 877 2654 cui
904 2630 989 2655 cura
1016 2619 1163 2655 alicuius
1200 2619 1462 2666 provinciolae,
1503 2628 1621 2655 castro
1661 2618 1803 2654 cuidam

158 2677 351 2722 subiectae,
378 2677 543 2725 delegata
569 2686 643 2714 erat
668 2679 772 2726 (ergo
799 2679 951 2715 minime
977 2679 1069 2726 regis
1095 2679 1263 2725 socium).
