2170 3210
1706 148 1768 195 163

770 291 849 336 Nr.
885 304 954 337 22.
986 289 1133 350 (264.)

272 363 404 409 Golsa
438 363 490 408 de
522 363 627 408 villa
671 365 777 408 Ban1
822 363 1005 421 impetiit
1045 362 1331 407 convillanum
1363 378 1501 417 suum,
1546 363 1690 408 Sedun
1722 364 1774 409 de

127 435 428 481 combustione
480 435 634 480 domus
685 447 728 480 et
786 434 972 493 dampno
1031 449 1107 479 sex
1151 449 1404 488 marcarum,
1461 434 1599 480 iudice
1650 436 1774 495 Agya

129 509 289 554 comite
342 507 394 552 de
445 508 646 562 Carasna,
697 506 902 565 pristaldo
954 506 1083 561 Luca,
1126 505 1179 550 de
1223 505 1323 550 villa
1370 507 1577 553 Kouachi.
1631 508 1775 554 Sedun

128 580 284 640 itaque,
315 591 490 638 portato
521 579 654 633 ferro,
686 577 908 623 Waradini
939 578 1191 622 iustificatus
1224 590 1299 622 est.

770 722 846 767 Nr.
879 735 947 780 23.
983 720 1133 782 (262.)

272 795 486 853 Georgius
519 794 571 839 de
604 794 704 839 villa
738 794 863 849 Buht,
895 793 1176 838 coadiuvante
1210 809 1309 838 eum
1341 794 1518 840 Simone
1551 796 1770 841 sacerdote

128 867 180 912 de
214 866 314 911 villa
346 866 491 911 Sancti
522 867 699 911 Martini
731 866 913 925 impetiit
945 866 1139 911 Micoum
1184 866 1236 911 de
1280 866 1382 911 villa
1415 867 1544 911 Catar
1588 867 1641 912 de
1673 869 1772 913 vio—

126 940 247 984 lento
291 950 413 997 raptu
444 938 555 983 filiae
588 954 691 983 suae
723 938 1039 997 Margarethae,
1077 950 1120 983 et
1151 938 1237 983 hoc
1280 939 1420 997 ipsum
1463 939 1531 983 illa
1574 942 1753 985 astruxit
1763 959 1774 995 3

128 1011 278 1056 Micon
308 1025 415 1055 vero
461 1009 566 1054 dixit
610 1010 724 1055 illam
765 1026 944 1055 uxorem
990 1026 1111 1055 suam
1149 1010 1340 1068 legitime
1385 1011 1555 1056 ductam
1594 1027 1701 1067 esse,
1732 1026 1775 1058 et

126 1083 283 1128 habere
314 1082 539 1127 nuntium²¹
572 1081 872 1137 mediatorem,
914 1083 1092 1127 nomine
1123 1083 1249 1127 Desc.
1294 1082 1385 1137 Qui
1429 1098 1527 1128 cum
1558 1083 1776 1139 fateretur,

127 1170 175 1200 se
194 1154 324 1200 fuisse
345 1153 633 1199 mediatorem
650 1166 694 1199 et
711 1154 955 1199 adduxisset
972 1169 1099 1212 super
1119 1154 1205 1199 hoc
1227 1166 1269 1199 et
1286 1155 1377 1212 ipse
1401 1154 1608 1215 quosdam
1631 1168 1776 1212 testes,

127 1226 351 1281 Oltuman,
363 1226 686 1271 archidiaconus
707 1226 761 1271 de
775 1226 987 1281 Zathmar,
1001 1241 1077 1284 per
1096 1226 1359 1284 pristaldum,
1380 1229 1557 1273 nomine
1578 1229 1775 1283 Echireh,

128 1299 245 1344 misit
276 1298 571 1353 Waradinum,
602 1309 649 1342 ut
681 1299 796 1343 Desc
827 1309 1021 1356 portaret
1052 1298 1224 1343 ferrum.
1259 1298 1344 1343 Ubi
1378 1298 1519 1344 taliter
1551 1315 1773 1345 convene-

127 1382 239 1426 runt,
288 1370 405 1431 quod
453 1370 667 1429 praedicta
710 1370 862 1415 mulier
913 1369 1163 1414 redderetur
1214 1386 1237 1415 a
1289 1382 1409 1428 patre
1461 1386 1541 1416 suo
1593 1371 1772 1417 domino

126 1443 277 1488 Micou
308 1443 353 1488 in
383 1458 580 1496 uxorem,
610 1442 725 1487 Desc
756 1442 1019 1487 satisfaceret
1050 1441 1189 1497 iudici,
1223 1442 1438 1502 Georgius
1470 1443 1684 1502 pristaldO.

271 1647 423 1702 Dema,
454 1645 507 1691 de
527 1646 626 1691 villa
645 1572 1347 1703 Soluffis,³2icinp(ezti6i{.)Vrbanum
1379 1645 1431 1691 de
1457 1647 1555 1691 villa
1578 1647 1775 1706 Gyonta⁴

128 1717 181 1764 de
213 1718 343 1773 furto,
373 1717 578 1763 iudicibus
610 1718 743 1763 Paulo
777 1717 923 1763 curiali
960 1718 1119 1762 comite
1140 1718 1192 1762 de
1213 1717 1370 1762 Bichor
1403 1729 1446 1763 et
1477 1718 1597 1764 Teca
1629 1719 1776 1774 biloto‚

126 1789 332 1849 pristaldo
365 1791 553 1836 Honos.⁵
588 1790 785 1835 Vrbanus
817 1790 959 1850 itaque
992 1789 1213 1834 Waradini
1245 1790 1492 1835 combustus
1525 1802 1603 1838 est.

767 1923 846 1968 Nr.
881 1936 949 1980 25.
982 1921 1132 1983 (264.)

272 1995 476 2041 Clemens
508 2011 668 2050 comes,
706 1995 818 2039 filius
851 1995 1015 2049 Haben,
1056 1995 1239 2053 impetiit
1284 1994 1493 2055 quosdam
1538 2007 1775 2040 castrenses

131 2067 315 2112 scilicet:
349 2066 496 2122 Odun,
526 2067 764 2118 Thomam‚
794 2066 1033 2120 Thomum,
1065 2078 1109 2111 et
1140 2067 1268 2112 Ecust
1298 2082 1378 2126 pro
1424 2066 1584 2112 duabus
1622 2068 1775 2111 marcis

125 2137 269 2184 iudice
290 2138 478 2194 Codaba,
510 2139 761 2184 centurione
789 2138 974 2191 illorum,
1004 2137 1210 2196 pristaldo
1243 2138 1424 2185 Comad.
1456 2139 1776 2184 Praenominati

126 2210 271 2270 itaque
303 2222 540 2256 castrenses
571 2211 794 2256 Waradini
824 2210 1042 2255 iustificati
1073 2221 1183 2255 sunt.

271 2366 284 2388 ¹
310 2367 386 2403 Βάκι
410 2366 531 2411 (Also-
557 2368 596 2403 es
622 2366 761 2412 Fe1s6-)
787 2367 830 2402 ab
858 2366 995 2413 oppido
1023 2366 1181 2402 Kraszna
1212 2367 1404 2404 meridiem
1443 2378 1565 2402 versus
1603 2368 1641 2402 in
1677 2378 1772 2402 com.

127 2426 272 2474 Szilagy
297 2426 386 2463 alias
412 2427 580 2463 Kraszna.
606 2427 706 2463 Infra
732 2439 785 2463 nr.
817 2437 870 2472 59.

270 2485 285 2506 ²
309 2486 352 2522 In
377 2487 541 2523 editione
566 2499 617 2534 pr.
646 2489 851 2523 nunctium.

271 2546 286 2567 ³
311 2546 486 2593 Solymos
512 2558 625 2594 pagus
651 2547 956 2594 septemtrionem
983 2557 1106 2582 versus
1132 2558 1152 2582 a
1178 2547 1355 2595 Belenyes
1381 2548 1420 2582 in
1447 2558 1543 2582 com.
1572 2546 1688 2581 Bihar.

271 2606 286 2626 ⁴
313 2606 459 2654 Gyanta
484 2618 597 2654 pagus
623 2609 722 2643 iuxta
748 2607 907 2642 Crisium
931 2606 1089 2653 Nigrum
1116 2607 1153 2642 in
1180 2618 1277 2643 com.
1304 2607 1422 2643 Bihar.

272 2665 287 2686 ⁸
311 2666 413 2703 Infra
437 2678 491 2702 nr.
517 2668 563 2702 26
588 2666 723 2712 (Hoils)
749 2674 784 2703 et
813 2676 867 2712 54.

1561 2750 1624 2784 11*
