2170 3210
1740 145 1782 181 93

139 277 350 338 gentilitio
382 277 490 332 Pok,
520 278 703 322 vicarios
734 276 907 335 palatini
935 276 1117 331 Nicolai,
1149 276 1225 321 filii
1256 278 1398 331 Barcz,
1430 277 1527 331 hoc,
1545 277 1676 321 veluti
1698 289 1787 322 tam

139 350 422 406 documentis,
472 367 600 411 quam
652 349 1000 409 praecedentibus
1042 349 1251 394 fasciculis
1296 349 1486 408 apprime
1531 364 1787 404 consonans,

138 423 416 482 praemissam
447 423 824 468 ratiocinationem
855 433 1051 466 nostram
1083 421 1394 466 consideratam
1426 421 1590 479 probat.

283 591 606 645 Testimonia
659 609 725 643 nr.
780 592 1059 659 280-322
1113 592 1439 662 (280-283,
1492 593 1788 661 284-289,

143 693 442 746 290—293,
484 693 780 746 294—309‚
823 693 1103 743 310—322
1144 697 1201 712 Ξ
1247 694 1473 745 92——95‚
1526 694 1788 745 99—1o4‚

141 762 366 827 46——49‚
408 777 703 829 212—227,
748 759 1054 830 361—373)
1092 759 1275 828 scripta
1312 777 1446 812 anno
1493 777 1642 814 1221.

285 856 367 900 Hic
398 871 570 916 quoque
604 855 793 914 singulos
826 855 1050 900 fasciculos
1083 854 1306 899 tractando
1346 855 1669 913 procedendum
1713 868 1788 901 est.

283 929 332 972 In
364 927 551 973 fasciculi
596 928 723 986 primi
767 939 862 974 test.
901 943 962 973 nr.
1009 929 1241 985 280—283
1291 927 1372 987 (=
1411 927 1611 987 92—-95)
1655 929 1790 973 causis

141 1015 203 1046 nr.
236 1001 470 1046 280—282
503 999 708 1045 Nicolaus
739 1000 949 1055 palatinus
982 1000 1157 1059 eiusque
1188 1000 1369 1044 vicarius
1401 1000 1632 1044 Mauricius
1675 1000 1789 1044 iudi-

142 1085 250 1118 cant.
284 1073 341 1117 Hi
372 1084 518 1117 tamen
549 1073 823 1131 magistratus
856 1087 958 1116 suos
989 1072 1074 1116 iam
1107 1087 1219 1116 anno
1258 1085 1369 1118 1220
1402 1084 1531 1130 prout
1551 1084 1595 1116 et
1617 1088 1650 1118 a.
1679 1086 1786 1117 1221

143 1156 378 1202 gesserunt.
411 1145 614 1202 Proprius
647 1160 752 1203 ergo
786 1156 954 1202 tempus
987 1144 1181 1202 designat
1214 1155 1309 1190 test.
1341 1159 1407 1188 nr.
1455 1145 1537 1202 283
1575 1144 1686 1205 (95),
1720 1145 1791 1189 ubi

143 1232 292 1262 comes
325 1216 491 1261 curialis
524 1216 844 1261 Szolnokiensis
876 1217 1125 1261 Maurianus
1157 1217 1355 1270 occurrit,
1387 1232 1498 1270 cum,
1530 1228 1576 1260 ut
1607 1217 1790 1261 vidimus

145 1305 258 1334 anno
295 1302 407 1334 1220
440 1289 590 1333 Vitalis
622 1289 721 1333 huic
753 1289 923 1333 muneri
951 1300 1156 1347 praeerat.
1188 1289 1428 1333 Fasciculus
1473 1304 1577 1347 ergo
1624 1289 1694 1333 hic
1740 1289 1792 1333 ad

142 1376 302 1406 annum
338 1374 445 1405 1221
483 1360 760 1406 collocandus
793 1373 870 1405 est.

287 1433 552 1478 Fasciculum
585 1433 822 1478 secundum
855 1444 949 1478 test.
983 1449 1044 1479 nr.
1078 1434 1315 1491 284—289
1349 1432 1429 1493 (=
1454 1433 1684 1494 99—104)
1707 1450 1795 1478 non

143 1505 243 1550 ideo
276 1517 442 1550 tantum
480 1505 532 1550 ad
577 1521 740 1550 annum
790 1519 898 1549 1221
946 1506 1160 1563 pertinere
1206 1517 1439 1560 centemus,
1483 1507 1579 1565 quia
1625 1521 1796 1550 causam

144 1589 240 1624 test.
278 1594 339 1623 nr.
384 1579 470 1636 289
517 1577 652 1638 (104)
700 1579 945 1631 Mauricius,
990 1577 1170 1621 vicarius
1213 1578 1398 1635 palatini,
1443 1578 1681 1636 cognoscit,
1727 1579 1797 1637 qui

144 1649 414 1695 documentis
463 1666 635 1710 quoque
683 1650 934 1696 testantibus
980 1665 1092 1694 anno
1139 1650 1283 1707 potius
1336 1663 1442 1694 1221
1492 1665 1672 1694 munere
1717 1666 1795 1694 suo

146 1721 410 1781 fungebatur,
443 1722 519 1767 sed
549 1722 649 1766 ideo
683 1723 834 1780 magis,
866 1722 963 1781 quia
994 1722 1036 1766 in
1068 1722 1204 1766 causis
1238 1733 1334 1766 test.
1367 1737 1427 1766 nr.
1463 1722 1546 1779 285
1582 1720 1716 1781 (100)
1756 1733 1798 1765 01

146 1795 231 1838 288
267 1793 401 1854 (103)
433 1806 640 1839 executor
672 1794 844 1851 palatini
875 1794 960 1837 iam
992 1810 1081 1837 non
1115 1793 1283 1852 Csepan
1326 1793 1477 1854 (prout
1510 1809 1623 1838 anno
1662 1794 1796 1853 1220)

145 1865 223 1910 sed
254 1866 413 1910 Csoma
445 1865 537 1924 (vel
569 1865 739 1921 Csama,
773 1865 960 1925 Cyama)
1005 1866 1262 1910 nominatur.
1311 1866 1446 1921 Quod
1489 1882 1660 1910 causam
1705 1878 1802 1915 test,

146 1953 208 1982 nr.
262 1938 348 1982 286
402 1936 532 1997 (101)
587 1938 756 1983 comitis
806 1937 926 1981 Mike
972 1937 1228 1981 Bihariensis
1276 1949 1317 1982 et
1365 1938 1479 1982 Elias
1528 1938 1798 1982 Be'ke'siensis

146 2009 345 2063 iudicant,
375 2009 462 2054 hoc
493 2025 605 2053 anno
645 2023 750 2053 1221
789 2010 977 2067 apprime
1010 2010 1223 2055 convenit.

290 2082 606 2127 Fasciculorum
639 2083 755 2128 tertii
788 2093 881 2126 test.
904 2098 967 2128 nr.
994 2095 1224 2140 290—-293
1262 2081 1342 2141 (=
1374 2084 1429 2140 46
1447 2109 1481 2113 —v
1494 2081 1574 2142 49)
1598 2094 1640 2126 et
1663 2083 1800 2142 quarti

148 2166 243 2199 test.
277 2169 511 2214 294--309
545 2153 625 2214 (=
663 2153 924 2213 212—227)
957 2170 1115 2198 annum
1147 2154 1272 2198 simul
1306 2170 1455 2198 eruere
1486 2155 1585 2198 licet
1607 2167 1650 2198 et
1672 2156 1799 2200 iuvat.

147 2227 197 2271 In
228 2242 352 2271 causa
383 2238 478 2272 test.
510 2242 571 2271 nr.
605 2241 694 2283 290
728 2226 832 2286 (46)
866 2226 1052 2270 fasciculi
1084 2227 1199 2270 tertii
1243 2225 1448 2270 Nicolaus
1494 2226 1717 2283 palatinus,
1759 2228 1798 2270 in

149 2299 285 2343 causis
316 2314 423 2343 vero
457 2309 552 2345 test.
584 2315 635 2343 nr
680 2312 767 2356 292
801 2310 844 2342 et
878 2312 960 2356 293
999 2298 1092 2357 (48,
1123 2300 1199 2356 49)
1233 2297 1425 2342 eiusdem
1458 2298 1643 2342 fasciculi
1686 2300 1801 2342 Bank

149 2381 194 2415 et
226 2369 477 2414 Benedictus
511 2372 697 2415 comites
731 2371 987 2415 sententiam
1020 2369 1177 2416 dicunt.
1210 2371 1349 2414 Porro
1390 2371 1546 2414 iterum
1578 2371 1621 2414 in
1665 2372 1800 2414 causis

148 2453 244 2487 1051.
275 2458 336 2486 nr.
374 2456 473 2501 294,
506 2445 591 2499 296
628 2442 738 2502 (212
773 2455 817 2486 01
850 2442 959 2502 214)
994 2442 1180 2486 fasciculi
1228 2443 1364 2502 quarti
1409 2443 1526 2486 Bank
1572 2454 1614 2486 et
1659 2443 1801 2486 Bene-

102 2509 105 2511 ’
151 2514 300 2568 (1101115,
342 2515 386 2558 111
429 2516 565 2559 causis
607 2531 713 2559 vero
766 2517 847 2573 308
894 2527 937 2558 et
984 2528 1067 2572 309
1116 2514 1239 2574 (226,
1284 2513 1394 2574 227)
1440 2530 1573 2573 aeque
1619 2514 1804 2558 fasciculi

150 2586 289 2645 quarti
320 2585 526 2630 Nicolaus
557 2587 771 2644 palatinus
803 2586 962 2631 iudices
997 2598 1140 2644 agunt.
1172 2586 1392 2640 Nicolaus,
1430 2586 1540 2630 filius
1587 2587 1715 2629 Barcz
1761 2598 1804 2630 et

150 2658 268 2702 Bank
306 2658 437 2716 (prius
470 2659 623 2712 Banus,
668 2670 979 2717 tantopereque
1019 2657 1173 2718 notus)
1219 2658 1359 2712 simul,
1408 2659 1564 2702 eodem
1609 2670 1804 2715 tempore
