2170 3210
495 164 560 208 306

1123 340 1198 385 Nr.
1235 341 1327 399 386.
1359 340 1490 398 (139.)

632 425 816 468 Domina
848 424 974 477 Rosa,
1011 423 1096 467 filia
1140 424 1290 468 Briccii
1333 423 1697 481 archipresbyteri,
1740 436 1914 468 mortuo
1959 424 2113 468 marito

489 511 566 539 suo
599 508 642 539 et
673 495 767 539 filiis
799 495 897 549 suis,
930 506 1130 539 oretenus
1163 495 1284 539 nobis
1317 507 1382 539 est
1425 506 1673 553 protestata,
1716 495 1831 554 quod
1871 494 2114 540 indulsisset

489 567 631 611 omnia
664 566 855 611 dotalitia
885 582 959 610 sua
991 578 1033 610 et
1065 578 1226 619 cuncta,
1246 568 1289 610 in
1311 567 1624 627 quibuscunque
1646 567 1820 610 maritus
1842 582 1941 611 suus
1962 566 2114 610 Lodo-

487 654 630 684 merus
662 638 701 682 ei
738 637 970 691 tenebatur,
1015 648 1056 681 et
1101 637 1278 682 absolvit
1322 654 1473 682 omnes
1518 649 1727 696 cognatos
1770 638 1909 682 mariti
1951 639 2027 691 sui,
2071 648 2115 681 et

488 725 650 764 omnes,
686 709 920 768 quicunque
953 708 1244 753 fideiusserant
1277 724 1354 767 pro
1377 710 1529 753 marito
1552 725 1645 762 suo,
1668 709 1850 754 scilicet:
1873 708 2113 752 Habraham

487 792 530 825 et
562 781 729 824 Ysahac
762 792 804 824 et
835 781 1087 833 Farcasium,
1119 780 1295 824 Paulum
1327 793 1370 824 et
1402 780 1673 838 Gregorium.

1109 959 1185 1002 Nr.
1221 960 1314 1017 387.
1347 958 1492 1019 (140.)

628 1030 801 1084 Pascha,
832 1030 1056 1088 pristaldus
1089 1031 1285 1086 Dionysii
1317 1030 1497 1075 Palatini
1530 1031 1711 1083 comitis,
1745 1030 1860 1090 quod
1891 1046 1945 1075 ex
1981 1031 2112 1075 literis

486 1102 677 1146 eiusdem
708 1102 884 1145 Palatini
914 1102 1193 1159 percepimus,
1224 1102 1369 1147 statuit
1400 1113 1495 1146 ante
1527 1117 1606 1145 nos
1630 1102 1900 1160 Gregorium,
1921 1102 2113 1147 abbatem

486 1173 538 1218 de
570 1174 724 1226 Kuru,1
755 1188 808 1216 ex
839 1188 920 1216 una
951 1184 1084 1230 parte,
1116 1184 1158 1216 et
1189 1173 1406 1217 tunnarios
1438 1173 1600 1231 regales
1632 1173 1685 1218 de
1717 1173 1813 1217 villa
1849 1173 2020 1218 Tunnal
2060 1189 2112 1219 ex

486 1245 576 1297 alia,
609 1244 788 1288 scilicet:
822 1244 1048 1296 Andream,
1081 1243 1247 1301 Tupuz.
1290 1244 1465 1296 Chama,
1502 1244 1671 1298 Thuch‚
1715 1244 1848 1288 Halad
1892 1257 1935 1289 et
1978 1245 2112 1303 Bogy,

486 1316 641 1369 dicens,
673 1314 789 1374 quod
819 1315 1163 1372 praenominatus
1196 1314 1319 1359 abbas
1341 1315 1516 1361 deberet
1536 1316 1673 1360 iurare
1695 1318 1821 1373 super
1842 1316 2111 1374 sepulchrum

486 1387 619 1430 sancti
649 1387 761 1444 regis
793 1386 970 1430 Ladislai
1002 1401 1078 1443 pro
1112 1397 1224 1430 terra
1254 1388 1501 1431 monasterii
1533 1391 1663 1441 Kuru,
1695 1388 1869 1432 nomine
1900 1388 2110 1442 Tumban,

485 1473 591 1517 quae
623 1469 687 1502 est
718 1458 834 1501 iuxta
865 1457 1052 1502 Crisium
1078 1473 1225 1502 versus
1247 1458 1469 1502 meridiem
1490 1473 1625 1516 prope
1646 1460 1953 1503 monasterium
1976 1460 2110 1504 sancti
2148 1486 2150 1488 ·

484 1530 655 1586 Joannis
688 1530 932 1586 Baptistae.2
963 1529 1157 1588 Cumque
1189 1529 1399 1586 praefatus
1432 1529 1555 1573 abbas
1593 1542 1760 1587 paratus
1806 1542 1918 1575 esset
1961 1531 2111 1583 iurare,

483 1601 637 1658 placuit
668 1601 834 1659 utrique
866 1601 987 1658 parti,
1020 1600 1136 1661 quod
1167 1611 1279 1645 terra
1310 1600 1507 1645 iamdicta
1539 1601 1652 1658 prius
1693 1613 1936 1646 metaretur.
1977 1601 2111 1656 Quod

484 1687 581 1716 cum
602 1671 759 1716 factum
781 1683 906 1725 esset,
925 1672 1152 1716 memorati
1183 1672 1364 1716 tunnarii
1395 1683 1755 1730 recognoscentes
1788 1684 1956 1727 terram,
1984 1688 2110 1732 quam

482 1743 760 1802 requirebant,
792 1742 1042 1787 dimiserunt
1074 1744 1336 1787 monasterio
1369 1743 1488 1787 Kuru
1519 1758 1597 1800 pro
1629 1745 1721 1788 iure
1754 1759 1847 1796 suo,
1883 1756 1925 1788 et
1948 1745 2109 1788 reversi

484 1815 706 1869 protestati
737 1826 835 1858 sunt
867 1829 1012 1858 coram
1043 1815 1264 1858 nominato
1297 1813 1512 1871 pristaldo‚
1544 1830 1589 1859 se
1632 1816 1720 1859 iam
1757 1815 1910 1859 dictam
1952 1827 2109 1859 terram

483 1900 580 1928 cum
605 1885 853 1929 molendino
886 1897 929 1929 et
960 1897 1092 1943 ponte
1125 1885 1473 1943 saepeiamdictae
1505 1886 1707 1930 ecclesiae
1740 1887 1964 1930 remisisse.

1105 2039 1182 2083 Nr.
1219 2039 1315 2096 388.
1348 2038 1495 2098 (141.)

608 2108 860 2179 ¹Stephanus
904 2122 1092 2174 clericus,
1135 2121 1244 2165 filius
1288 2123 1395 2177 Hus,
1440 2133 1698 2178 protestatus
1742 2134 1819 2175 est,
1851 2123 1978 2181 quod,
2010 2139 2106 2168 cum

481 2192 653 2251 quidam
684 2193 868 2250 Hagya,3
899 2193 1000 2236 civis
1033 2193 1325 2246 Culusiensis,4
1356 2193 1611 2250 impetiisset
1648 2193 1823 2237 nomine
1864 2194 2104 2252 Henguch⁵

625 2373 635 2391 ¹
663 2372 923 2407 Mon-asterium
950 2372 1051 2406 Kfiru
1077 2374 1114 2407 in
1140 2373 1362 2419 Nagy-Kfirti
1388 2374 1483 2407 iuxta
1509 2374 1648 2408 Ticiam
1686 2374 1723 2408 in
1761 2385 1854 2409 com.
1890 2373 2105 2420 Jasz·Nagy·

483 2431 752 2466 Kun-Szolnok.

623 2489 637 2509 ²
662 2490 925 2526 Monasterium
950 2491 1171 2536 Szentjimos.
1197 2490 1312 2537 Supra
1338 2503 1390 2527 nr.
1422 2501 1497 2535 125,
1528 2490 1602 2537 364.

623 2549 637 2569 ³
662 2549 776 2594 Supra
801 2550 839 2584 in
866 2561 970 2584 causa
996 2561 1048 2584 nr.
1080 2550 1120 2584 18
1148 2550 1298 2596 «Agya»
1325 2551 1498 2586 scribitur.

626 2607 638 2628 ¹
664 2609 778 2654 Supra
802 2610 840 2643 in
866 2620 970 2644 causa
996 2620 1048 2643 nr.
1080 2609 1120 2643 18
1148 2610 1342 2655 «ioubagio
1370 2609 1525 2645 Cesari».

623 2667 637 2687 ³
662 2668 774 2713 Supra
800 2669 838 2702 in
864 2679 971 2702 causa
996 2680 1048 2702 nr.
1080 2668 1120 2703 18
1146 2669 1348 2714 «Engues».
