2170 3210
409 142 454 176 68

409 281 610 325 officiales
643 281 686 323 hi
717 280 904 323 minores
949 294 1127 323 munere
1171 294 1248 323 suo
1293 279 1586 336 fungebantur,
1628 279 1739 323 haud
1782 279 2023 325 diuturnum

408 351 496 395 fuit.
528 351 610 408 Ipsi
643 350 755 395 enirn
787 349 978 403 comites,
1010 364 1033 392 a
1065 349 1211 407 quibus
1244 349 1433 406 deputati
1476 353 1584 402 sunt,
1627 361 1773 393 eotum
1814 350 2022 395 rarissime

408 435 519 478 2—3
555 421 685 473 annis,
716 435 770 464 eo
800 420 938 463 minus
969 420 1096 477 longa
1127 420 1234 464 serie
1266 434 1474 463 annorum
1495 434 1647 463 munus
1673 435 1795 464 suum
1814 421 2025 475 tenebant,

408 507 709 549 nonnunquam
722 505 827 534 vero
844 501 941 546 post
954 490 1038 534 duo
1053 501 1193 534 tresve
1208 505 1377 534 menses
1398 490 1482 533 iam
1502 490 1734 534 valedicere
1756 491 2024 548 cogebantur.

408 563 561 606 Novus
591 577 696 605 vero
729 576 875 604 comes
906 575 1045 604 novos
1077 560 1278 605 officiales
1318 561 1544 604 constituit.
1587 561 1679 604 Irno
1723 560 1835 605 idem
1878 577 2023 606 comes

407 648 530 690 saepe
563 648 686 676 suum
717 630 987 675 substitutum
1017 642 1180 674 mutare
1223 631 1361 688 potuit
1403 630 1616 689 illumque,
1656 631 1771 674 cuius
1808 631 2024 676 servitium

408 703 627 761 displicuit,
659 702 867 746 dimittere
899 701 1159 759 alterumque
1192 700 1427 744 conducere
1459 700 1517 744 illi
1548 701 1600 745 ad
1630 700 1806 744 lubitum
1837 712 1936 747 erat.

548 774 591 817 Si
621 785 763 816 tamen
793 772 898 816 haec
930 771 1018 815 sola
1049 771 1198 815 indicia
1245 771 1365 815 nobis
1409 782 1578 828 praesto
1622 771 1810 824 fuissent,
1852 772 2024 817 minime

407 859 554 888 manus
587 843 922 887 admovissemus
955 841 1192 899 digerendis
1225 841 1528 899 chronologice
1560 842 1823 886 testimoniis
1845 843 1906 886 Ut
1927 843 2024 902 quid

408 916 522 959 enirn
554 914 830 958 emolumenti
867 924 932 957 est
974 913 1016 955 in
1059 912 1269 955 immenso
1309 912 1477 956 deserto
1515 912 1711 955 sabuloso
1754 912 1868 956 viam
1909 928 2023 957 non-

406 985 528 1029 nullis
559 984 682 1028 aridis
714 983 860 1028 culmis
892 982 1142 1026 arundinum
1178 983 1448 1026 monstrare?
1494 983 1549 1026 At
1590 982 1856 1040 pyramidum
1896 983 2025 1028 instar

406 1054 657 1114 splendescit
678 1053 878 1098 indicium
900 1053 1072 1097 tertium
1094 1052 1276 1111 illudque
1297 1052 1534 1096 invincibile
1554 1071 1562 1096 ε
1591 1063 1821 1096 concentus
1837 1054 2023 1097 archon-

406 1126 615 1184 tologiae3
646 1125 769 1178 idest,
800 1124 835 1167 si
866 1139 955 1167 non
985 1134 1150 1167 tanturn
1181 1123 1364 1176 nomina,
1402 1122 1476 1166 sed
1519 1123 1647 1166 etiam
1690 1138 1864 1168 munera
1907 1124 2022 1182 opti-

406 1209 569 1242 matum
611 1195 850 1253 Hungariae
893 1194 936 1237 in
981 1193 1141 1238 casibus
1186 1194 1364 1250 regestri
1411 1193 1722 1238 Varadinensis,
1754 1193 2024 1239 iudicantium

407 1279 530 1326 atque
563 1266 815 1323 optimatum
846 1264 888 1308 in
927 1264 1191 1308 documentis
1229 1275 1331 1307 nota
1362 1263 1564 1321 temporis
1597 1264 1768 1321 signatis
1806 1279 2020 1308 memora-

406 1339 550 1381 tOrum
580 1337 688 1380 inter
719 1351 764 1380 se
797 1335 1066 1380 conveniunt.

547 1407 680 1451 Casus
730 1406 774 1450 in
816 1405 1068 1449 testimoniis
1119 1405 1297 1461 regestri
1342 1404 1638 1448 Varadinensis
1695 1405 1875 1447 enarrati
1929 1417 2024 1448 sunt

408 1489 584 1523 eventus
642 1476 814 1520 acerbae
868 1475 1070 1519 veritatis,
1128 1475 1340 1518 Personae
1384 1475 1448 1518 his
1493 1475 1534 1517 in
1579 1474 1738 1517 casibus
1781 1473 2025 1528 iudicantes,

410 1559 664 1600 accusantes,
695 1545 985 1598 defendentes,
1002 1560 1186 1602 poenam
1216 1545 1380 1589 luentes
1413 1555 1532 1588 erant
1562 1544 1764 1597 membra,
1786 1544 1949 1589 ossibus
1982 1558 2025 1588 et

409 1618 597 1663 carnibus
628 1617 827 1674 praedita,
850 1616 1038 1659 eiusdem
1060 1616 1287 1668 societatis,
1307 1615 1422 1658 cuius
1444 1614 1633 1658 membra
1653 1614 1778 1658 etiam
1797 1614 1842 1657 in
1862 1614 2024 1671 scriptis

409 1690 739 1745 magistratuum,
770 1687 879 1744 proh
911 1686 1036 1730 dolor
1068 1686 1220 1743 exiguo
1252 1686 1339 1729 iam
1370 1700 1547 1729 numero
1580 1685 1706 1738 notis,
1728 1700 1803 1728 seu
1823 1685 1867 1728 in
1887 1684 2024 1728 docu—

408 1760 560 1804 mentis
578 1769 879 1803 memorantur.
897 1758 1164 1800 Documenta
1185 1756 1302 1809 haec,
1324 1756 1401 1800 etsi
1431 1756 1587 1813 pluries
1608 1771 1697 1799 non
1717 1767 1804 1798 tam
1821 1755 2025 1798 veraciter

408 1830 648 1888 loquuntur,
680 1839 726 1871 ut
758 1827 1001 1871 testimonia
1020 1827 1064 1870 in
1084 1837 1277 1884 regestro
1298 1826 1577 1870 Varadinensi
1599 1837 1799 1869 contenta
1821 1824 2025 1884 (crudelia

408 1914 716 1958 nonnunquam
748 1898 856 1942 facta
887 1898 975 1960 sine
1008 1897 1105 1941 fuco
1138 1896 1383 1955 narrantia),
1418 1908 1459 1940 at
1491 1895 1795 1953 chronologice
1812 1906 2025 1952 praestant

407 1970 676 2022 testimoniis,
722 1980 819 2012 sunt
851 1969 965 2012 enirn
996 1979 1098 2010 nota
1130 1967 1334 2024 temporis
1367 1967 1539 2024 signata.
1572 1967 1604 2009 E
1632 1966 1897 2010 documentis
1919 1981 2023 2022 ergo

409 2041 593 2097 defigere
625 2040 738 2096 prius
771 2049 942 2096 oportet
974 2050 1142 2094 tempus
1173 2038 1360 2081 muneris
1404 2037 1536 2080 functi
1580 2036 1750 2080 alicuius
1795 2036 2024 2092 optimatis,

408 2112 574 2169 hocque
605 2121 775 2166 reperto
809 2109 1041 2165 reperimus
1075 2108 1203 2151 etiam
1232 2118 1397 2164 tempus
1420 2122 1539 2151 casus
1559 2107 1603 2149 in
1625 2117 1815 2163 regestro
1842 2105 2023 2149 Varadi-

408 2181 528 2225 nensi
562 2181 763 2233 contenti,
794 2180 837 2222 in
870 2194 952 2237 quo
985 2178 1100 2222 idem
1131 2178 1285 2221 iudicat
1316 2193 1390 2221 seu
1422 2177 1620 2234 fungitur.
1642 2176 1822 2219 Evidens
1842 2190 2023 2233 namque

409 2263 472 2296 est
491 2251 608 2294 litem
639 2250 682 2293 in
713 2250 960 2293 testimonio
993 2263 1079 2305 reg.
1117 2248 1268 2294 Varad.
1309 2263 1370 2292 nr.
1405 2263 1428 2303 9
1464 2247 1602 2304 (prius
1642 2245 1746 2305 379)
1779 2256 2024 2289 contentam

408 2339 429 2366 a
461 2322 727 2379 palatinoque
761 2331 803 2364 et
835 2319 959 2363 simul
990 2319 1148 2362 comite
1179 2318 1432 2362 Posoniensi
1464 2318 1580 2360 Bank
1624 2316 1808 2359 decisam
1849 2315 2023 2359 minime

406 2392 594 2450 potuisse
626 2391 772 2448 agitari
802 2406 840 2435 v,
874 2405 933 2447 gr.
965 2405 999 2434 a.
1035 2403 1113 2432 122
1122 2404 1156 2446 5.
1191 2404 1274 2447 quo
1315 2388 1416 2431 alter
1460 2387 1536 2430 fuit
1580 2386 1792 2429 Palatinus
1837 2385 2024 2443 alterque

408 2477 552 2506 comes
571 2460 853 2505 posoniensis.
867 2460 1015 2502 Annus
1041 2472 1146 2515 1213
1168 2469 1211 2502 et
1233 2473 1320 2501 non
1342 2458 1443 2501 alius
1466 2457 1555 2510 fuit,
1578 2471 1661 2514 quo
1683 2456 1788 2499 haec
1803 2455 1851 2499 lis
1873 2455 2026 2512 agitata

409 2544 509 2585 erat,
540 2546 637 2575 nam
667 2530 912 2574 testantibus
944 2529 1208 2572 documentis
1241 2539 1341 2571 tunc
1372 2527 1449 2570 fuit
1488 2526 1603 2570 Bank
1647 2537 1689 2569 et
1734 2525 1938 2582 palatinus
1984 2535 2026 2567 et

409 2602 531 2646 simul
562 2616 705 2645 comes
735 2599 1023 2644 PosoniensiS.
