2170 3210
1673 187 1739 223 293

714 346 791 392 Nr.
826 348 922 404 362.
955 345 1101 405 (351.)

229 433 326 478 Nos
344 443 583 477 conventus
598 429 921 475 Waradinensis
944 441 1236 474 contestamur
1256 430 1468 482 omnibuS,
1482 428 1741 483 Ladislaum,

87 505 296 550 comitem
329 504 381 550 de
414 504 541 558 Bach,
573 503 668 548 talia
701 502 823 546 nobis
856 501 1106 546 auctoritate
1139 501 1323 546 iudiciali
1350 501 1588 552 mandasse,
1620 500 1740 560 quod

31 618 34 621 .
86 565 257 622 causam
290 576 512 633 Beniamin
543 574 777 620 secundum
810 585 1008 618 tenorem
1048 573 1280 627 literarum,
1314 590 1416 633 quas
1459 573 1535 618 sub
1583 573 1738 632 duplici

86 647 228 707 sigillo
260 648 384 692 nobis
416 647 652 692 transmisit
683 647 727 691 in
760 657 956 704 segestro
992 645 1284 691 scriberemus
1318 646 1393 690 Est
1430 646 1573 705 itaque
1612 658 1740 691 tenor

86 719 325 764 litterarum
357 720 476 764 talis:

232 791 464 846 Ladislaus,
495 806 642 836 comes
686 791 929 835 Bachiensis
974 802 1018 835 et
1061 791 1189 835 iudex
1234 792 1386 846 curiae,
1431 792 1641 839 omnibus,
1687 792 1740 836 ad

89 878 384 923 quoscumque
401 864 641 922 praesentia
657 864 942 922 pervenerint,
959 863 1143 908 salutem
1164 864 1207 907 in
1229 864 1434 908 Domino.
1455 863 1735 909 Universitati

90 937 284 980 omnium
317 948 471 982 notum
505 951 599 980 esse
632 935 845 989 volumus,
878 935 1007 995 quod,
1043 951 1141 980 cum
1160 936 1378 993 Jeremias,
1401 936 1563 990 Bocou,
1591 936 1740 981 Tocus

91 1019 136 1052 et
169 1008 317 1067 Gegus
349 1009 526 1053 citarent
557 1007 772 1052 Chomam
803 1022 881 1064 pro
916 1007 1103 1067 quodam
1145 1007 1337 1061 homine,
1382 1008 1617 1065 Beniamin,
1646 1007 1736 1052 filio

90 1079 253 1138 Cusoy,
283 1081 326 1125 in
371 1080 609 1138 praesentia
652 1091 799 1123 nostra
831 1079 1044 1127 dixerunt.
1083 1079 1268 1124 eundem
1300 1080 1521 1124 Beniamin
1564 1095 1739 1124 seruum

90 1166 185 1196 esse
218 1168 372 1197 eorum
405 1165 449 1196 et
480 1151 614 1196 filiurn
647 1151 822 1196 ancillae
855 1167 970 1197 suae.
1005 1151 1277 1210 Supradictus
1309 1151 1480 1196 Choma
1503 1151 1742 1210 respondit,

86 1237 213 1269 suum
244 1240 340 1270 esse
383 1236 618 1284 cognatum
662 1236 706 1269 et
751 1224 802 1268 de
850 1240 1008 1283 genere
1055 1239 1147 1271 suo.
1195 1224 1540 1270 Adiudicavimus
1585 1225 1741 1283 itaque,

87 1296 206 1356 quod
227 1296 366 1342 dictus
384 1297 553 1342 Choma
583 1297 808 1341 veritatem
841 1297 906 1341 sui
938 1297 1151 1341 sermonis
1183 1296 1525 1340 attestationibus
1562 1312 1740 1340 suorum

87 1381 380 1428 cognatorum
401 1367 663 1423 ostenderet,
687 1368 803 1428 quod
820 1380 862 1413 et
879 1368 1181 1413 honestissime
1204 1368 1432 1426 probavit.¹
1448 1368 1739 1413 Intelleximus

85 1441 228 1499 igitur,
263 1453 313 1485 ut
345 1452 614 1486 sacramento
647 1440 832 1485 duorum
879 1452 1159 1495 cognatorum
1193 1441 1282 1485 eius
1315 1440 1476 1485 dictum
1520 1441 1740 1485 Beniamin

85 1512 365 1568 defenderit,²
396 1514 654 1567 iuraverunt,
693 1513 877 1572 inquam,
922 1513 1091 1557 Chuma
1135 1524 1178 1556 et
1221 1513 1393 1557 Azarias
1437 1526 1564 1570 super
1608 1513 1738 1557 altare

85 1586 222 1630 sancti
253 1585 435 1630 Ladislai
471 1585 694 1630 Waradini
727 1597 770 1629 et
802 1585 1019 1630 Beniamin
1052 1585 1249 1629 liberatus
1282 1596 1358 1630 est.
1391 1584 1518 1629 Unde
1542 1584 1738 1629 dedimus

85 1673 214 1716 super
260 1658 348 1702 hoc
394 1669 596 1702 nostrum
641 1657 829 1715 sigillum
878 1672 973 1701 cum
1008 1656 1159 1701 litteris
1192 1647 1499 1715 praesentibus,
1530 1656 1736 1714 pristaldo

86 1729 297 1774 existente
332 1729 485 1774 Marco
519 1729 573 1774 de
605 1729 792 1787 Cheph.·⁹’

716 1885 793 1930 Nr.
829 1887 926 1943 363.
960 1883 1106 1944 (352.)

232 1967 439 2014 Clemens
470 1969 522 2014 de
555 1969 654 2013 villa
686 1969 812 2027 Irug4
847 1980 1050 2013 oretenus
1073 1968 1195 2012 nobis
1219 1980 1284 2012 est
1306 1979 1584 2023 contestatus,
1607 1967 1738 2028 quod,

89 2055 188 2084 cum
219 2040 310 2098 ipse
343 2056 440 2085 curn
471 2040 676 2099 pristaldo
699 2040 881 2085 Ladislai
902 2040 1072 2085 comitis
1114 2040 1327 2099 quendam
1348 2040 1592 2085 libertinum
1610 2055 1737 2084 suum

87 2111 329 2170 fugitivum,
374 2113 551 2157 nomine
596 2112 797 2157 Tadeum
840 2123 1082 2166 uxoratum,
1127 2112 1361 2156 invenisset
1406 2124 1449 2156 et
1491 2112 1738 2156 nominatus

87 2182 217 2228 iudex
249 2183 435 2230 eundem
466 2184 710 2229 libertinum
756 2200 854 2229 cum
892 2199 1027 2228 uxore
1072 2199 1146 2228 sua
1191 2185 1232 2228 ei
1275 2184 1601 2242 appropriasset,
1645 2184 1736 2241 ipse

88 2255 273 2301 scilicet:
305 2256 508 2301 Clemens
540 2271 621 2314 pro
654 2256 790 2300 salute
823 2256 990 2300 animae
1022 2271 1122 2300 suae
1155 2256 1295 2300 taliter
1327 2255 1379 2300 de
1402 2271 1538 2300 uxore
1558 2254 1737 2313 praefati

88 2327 275 2372 libertini
306 2328 558 2383 ordinasset,
583 2339 631 2372 ut
661 2328 751 2386 ipsa
772 2327 901 2372 libera
922 2327 1046 2372 fieret
1067 2339 1124 2382 et,
1146 2327 1344 2387 quicquid
1364 2327 1590 2372 foeminini
1611 2342 1739 2371 sexus

233 2471 244 2494 ¹
271 2473 313 2508 In
341 2473 503 2510 editione
529 2475 675 2522 pincipe
701 2485 877 2510 erronee:
906 2474 1087 2520 probaret.

233 2532 246 2552 ²
273 2532 315 2568 In
343 2533 504 2569 editione
530 2535 675 2581 pincipe
702 2545 878 2571 erronee:
905 2533 1127 2569 defenderet.

233 2592 247 2613 ³
272 2593 364 2628 Fors
405 2592 524 2629 Csef?
562 2593 682 2630 Locus
720 2593 782 2629 tali
828 2594 978 2629 nomine
1018 2594 1135 2629 extitit
1173 2593 1262 2629 olim
1290 2604 1403 2640 pagus
1430 2604 1450 2628 a
1476 2604 1570 2639 pago
1597 2591 1735 2627 Darvas

88 2653 394 2700 septemtrionem
420 2664 544 2689 versus
570 2653 621 2699 (in
648 2665 745 2691 com.
773 2653 895 2694 Bihar‚
922 2652 1014 2688 olim
1042 2652 1180 2698 BekeS).

234 2711 249 2732 ⁴
274 2713 353 2748 Kis-
379 2721 414 2748 et
438 2706 703 2760 Nagy-Urogd‚
730 2714 837 2760 (Irog,
864 2705 983 2759 Urog)
1010 2714 1093 2759 pagi
1119 2713 1156 2748 in
1183 2722 1279 2748 com.
1306 2711 1421 2747 Bihar.
