2170 3210
1728 155 1795 190 217

146 285 352 345 praedicti
382 286 514 341 Pauli,
545 287 705 332 exemit
743 287 985 331 Farcasium
1016 299 1060 331 et
1104 289 1315 332 Benczem
1357 304 1381 332 a
1425 287 1540 332 ferro
1586 286 1797 340 candenti,

146 357 319 403 dicens:
351 357 577 403 dominum
608 375 733 404 suum
765 359 1054 417 suspicionem
1076 375 1197 404 suam
1219 359 1269 404 ab
1292 360 1353 404 eis
1374 360 1625 404 removisse.
1646 359 1797 404 Maca-

145 430 233 475 rius
265 445 372 475 vero
404 442 577 488 portato
610 430 738 488 ferro,
770 430 1020 475 iustificatus
1052 443 1130 475 est.
1165 430 1374 476 Pristaldo
1420 432 1526 476 Bota
1572 431 1798 476 existente.

797 634 985 680 Annus
1016 635 1148 680 1219.

144 742 420 803 (175—-2o6.
444 743 1229 801 207—213.214—225.226—228.
1253 755 1503 800 229—234.
1529 765 1586 779 =
1611 744 1799 801 60—-91,

518 828 703 872 39-—45.
741 828 897 859 1—12.
931 814 1122 871 90—98.
1162 813 1431 873 110—115.)

798 946 875 991 Nr.
914 960 1006 1003 175.
1040 945 1150 1006 (60.)

290 1029 442 1088 Cyegl,
472 1029 597 1074 abbas
642 1028 694 1073 de
739 1029 929 1083 Zebloc,¹
974 1030 1158 1087 impetiit
1203 1030 1364 1074 Benam
1403 1029 1456 1074 de
1499 1030 1598 1074 villa
1642 1031 1798 1088 Scerep

144 1102 188 1146 in
221 1104 356 1148 Novo
402 1101 557 1147 Castro
603 1101 655 1146 de
700 1101 939 1156 latrocinio,
982 1101 1119 1146 iudice
1166 1101 1350 1146 Nicolao
1395 1101 1590 1147 Palatino
1623 1104 1799 1159 comite,

143 1173 350 1232 pristaldo
389 1173 574 1232 Aegidio
618 1173 671 1218 de
715 1174 813 1218 villa
845 1173 973 1219 Osa.²'
1006 1174 1204 1230 Cumque
1238 1174 1355 1218 Bena
1387 1173 1593 1218 Varadini
1623 1186 1795 1232 portare

145 1246 307 1290 ferrum
338 1257 454 1290 esset
493 1257 677 1303 paratus,
722 1247 1074 1303 praenominatus
1126 1245 1252 1289 abbas
1297 1245 1554 1304 subterfugit
1594 1246 1800 1291 iudicium

146 1317 249 1362 ferri
297 1317 530 1374 candentis,
576 1317 735 1373 dicem,
782 1317 898 1377 quod
944 1317 1045 1362 falsa
1091 1318 1295 1375 opinione
1340 1317 1606 1375 praedictum
1640 1319 1801 1362 Benam

142 1389 198 1434 de
233 1389 459 1435 latrocinio
491 1390 756 1448 impetiisset.

795 1535 871 1580 Nr.
910 1537 1002 1591 176.
1037 1532 1152 1594 (61.)

290 1618 462 1664 Tekma
508 1630 551 1662 et
595 1620 738 1663 Pousa
784 1618 835 1662 de
880 1618 979 1662 villa
1023 1617 1198 1675 Chybur
1242 1618 1519 1676 impetierunt
1563 1617 1799 1670 Andream,

143 1690 440 1735 convillanum
472 1706 611 1744 suum,
631 1690 683 1735 de
707 1691 839 1744 furto,
858 1690 998 1734 iudice
1019 1689 1158 1733 Tobia
1183 1690 1327 1734 curiali
1347 1690 1507 1734 comite
1525 1689 1577 1734 de
1601 1690 1798 1742 Zounuk‚

144 1761 351 1820 pristaldo
384 1762 532 1806 Fintur
565 1762 618 1807 de
649 1762 749 1806 villa
781 1762 929 1808 Tibur.
953 1762 1160 1816 Quicum
1182 1761 1333 1806 directi
1354 1773 1499 1806 essent
1520 1761 1799 1814 Varadinum,

143 1834 462 1892 praenominati
493 1834 664 1878 Tekma
697 1846 741 1878 et
773 1834 916 1877 Pousa
948 1833 1297 1891 subterfugerunt
1328 1833 1534 1878 iudicium
1565 1833 1667 1878 ferri
1695 1849 1799 1878 can-

146 1905 299 1960 dentis,
332 1905 534 1959 dicentes,
557 1905 674 1965 quod
706 1905 807 1950 falsa
839 1906 1041 1963 opinione
1073 1905 1339 1963 praedictum
1365 1905 1584 1950 Andream
1607 1905 1659 1950 de
1682 1905 1800 1950 furto

143 1978 439 2035 impetiissent.
473 1977 559 2021 Pro
592 1977 707 2021 bono
743 1990 887 2021 tamen
919 1978 1031 2034 pacis
1070 1976 1263 2022 Andreas
1309 1977 1375 2021 fur
1419 1978 1618 2036 promisit
1664 1979 1796 2022 satis-

146 2048 290 2094 facere
322 2049 462 2094 iudici.

292 2218 303 2239 ¹
331 2218 465 2255 Recte:
491 2218 622 2265 Zeplak
650 2219 741 2254 idest
767 2218 919 2264 Szeplak
945 2230 964 2253 a
992 2219 1191 2265 municipio
1219 2219 1331 2254 Kassa
1358 2219 1553 2254 meridiem
1578 2229 1712 2253 versuS.

289 2277 303 2298 ²
328 2278 424 2313 Infra
462 2290 515 2314 nr.
559 2279 635 2314 180.
674 2278 849 2314 Nicolaus
876 2278 969 2314 filius
1007 2279 1124 2319 Barcz,
1159 2279 1218 2326 qui
1247 2279 1344 2314 hunc
1372 2290 1520 2314 causam
1547 2278 1728 2318 iudicavit,
1756 2278 1801 2313 de

145 2349 281 2383 genere
322 2338 412 2374 Szaik
455 2347 554 2374 ortus
598 2339 846 2384 possessiones
888 2339 925 2373 in
968 2338 1186 2374 occidentali
1229 2348 1328 2383 parte
1371 2340 1564 2374 comitatus
1603 2338 1800 2372 Tolnensis

144 2398 279 2434 habuit.
306 2398 463 2434 Proinde
480 2398 581 2434 locus
606 2398 665 2434 hic
684 2407 718 2434 et
735 2399 774 2433 in
794 2410 846 2434 nr.
879 2398 944 2433 180
970 2398 1092 2434 ‹Osa›
1111 2400 1264 2446 scriptus
1281 2399 1378 2435 haud
1397 2399 1494 2434 aliud
1515 2398 1664 2439 indicat,
1682 2409 1794 2445 quain

145 2469 282 2505 pagum
302 2458 408 2501 Acsa,
434 2458 570 2504 oppido
596 2458 922 2505 Torok-Koppainy
948 2458 1064 2503 (nunc
1091 2459 1127 2493 in
1154 2470 1249 2495 com.
1271 2460 1448 2506 Somogy,
1475 2458 1566 2493 olim
1592 2457 1728 2501 Tolna)
1756 2457 1798 2492 ad

145 2517 380 2553 occidentem
397 2519 517 2554 situm.
538 2518 645 2553 Conf.
666 2518 941 2554 Ousad-Acsaid.
