2170 3210
1757 111 1801 155 67

169 255 403 314 intelligere
434 265 695 312 poteramus,
727 254 843 298 cuius
874 252 973 298 furti
1012 252 1282 297 accusabatur
1314 251 1380 296 fur
1417 251 1484 296 ille
1528 251 1683 305 Sorou,
1718 251 1802 295 iam

169 327 376 385 descripta
395 341 536 384 poena
555 325 809 370 mulctatus?
830 336 873 369 et
894 323 1116 384 quomodo
1139 335 1357 381 peccatum
1382 338 1506 368 suum
1530 322 1801 367 demonstra-

169 398 315 445 batur?
344 397 457 443 Cum
473 408 617 441 tamen
646 396 819 441 evidens
834 406 912 451 est,
935 395 1249 440 accusationem
1267 407 1310 438 et
1331 394 1532 439 iudicium
1546 395 1801 452 praecessise

169 469 397 529 poenam?!
445 467 638 528 adeoque
671 468 799 513 dubio
828 478 943 512 caret
964 467 1260 511 testimonium
1279 482 1341 511 nr.
1365 469 1447 524 265
1467 467 1581 524 prius
1601 467 1802 525 scriptum

171 541 299 586 fuisse
331 556 379 585 ac
410 551 507 587 test.
540 555 601 585 nr.
640 553 734 597 150.
765 539 897 583 Recte
929 554 1034 597 ergo
1066 538 1317 582 invertimus
1350 538 1575 582 confusum
1607 537 1800 583 ordinem

171 625 215 658 et
245 611 402 657 testim.
433 627 495 657 nr.
528 613 611 669 265
645 610 945 668 praeponimus
976 610 1229 654 testimonio
1262 624 1325 654 nr.
1363 623 1411 666 15
1421 624 1440 667 5
1482 609 1667 668 illudque
1709 625 1802 654 nro.

173 686 227 728 26
259 682 344 727 hoc
375 697 482 726 vero
513 697 576 727 nr.
606 696 662 739 49
695 681 924 738 signamuS.

309 753 520 809 Alterum,
551 753 635 797 iam
666 752 810 811 magni
840 752 1052 796 momenti
1083 751 1286 795 indicium
1324 763 1403 805 est,
1443 752 1659 810 catalogus
1699 752 1802 797 offi-

173 825 340 870 cialium
390 825 620 878 minorum,
671 824 713 868 in
766 823 1022 868 testimoniis
1074 834 1424 868 memoratorum.
1477 823 1520 867 Si
1563 824 1804 883 catalogum

172 898 285 941 hunc
316 911 340 941 e
373 896 638 942 testimoniis,
669 906 798 953 prout
818 895 1036 953 hucusque
1055 894 1313 952 prostabant,
1335 893 1533 952 dispersis
1554 907 1596 939 et
1617 896 1805 940 confusis

174 966 498 1022 conficeremus,
520 966 774 1024 farraginem
796 978 882 1010 tam
904 966 1104 1010 insulsam
1125 965 1454 1024 perplexamque
1467 965 1806 1024 adipisceremur‚

174 1038 344 1098 qualem
373 1053 453 1083 nec
484 1036 720 1095 respublica
751 1037 907 1094 septies
938 1037 982 1081 in
1014 1052 1128 1081 anno
1172 1037 1458 1081 mutationem
1501 1038 1804 1096 guberniorum

174 1125 296 1168 passa
327 1109 562 1167 producere
592 1109 813 1167 potuisset.
846 1109 1081 1166 Appareret
1113 1119 1213 1152 tunc
1241 1123 1275 1153 e.
1298 1124 1357 1166 gr.
1381 1109 1584 1154 comitem
1606 1111 1805 1155 curialem

175 1181 402 1226 comitatus
450 1180 770 1224 Szolnokiensis
818 1179 947 1224 fuisse
991 1194 1077 1223 uno
1122 1191 1364 1223 momento:
1409 1180 1594 1224 Tobiam
1638 1180 1722 1241 (nr.
1768 1185 1806 1227 6.

174 1268 286 1297 nunc
318 1251 428 1311 205)
481 1263 579 1309 post
612 1250 800 1295 Vitalem
844 1250 928 1311 (nr.
978 1265 1041 1308 13.
1086 1266 1146 1295 nr.
1191 1251 1296 1308 264)
1339 1252 1578 1311 iterumque
1622 1252 1806 1298 Tobiam

177 1323 262 1383 (nr.
299 1324 349 1367 61
385 1338 498 1367 nunc
530 1322 639 1382 230)
672 1322 770 1366 dein
801 1322 1070 1366 Maurianum
1102 1321 1186 1381 (nr.
1220 1335 1273 1379 95
1307 1337 1418 1367 nunc
1449 1323 1558 1382 283)
1600 1325 1808 1384 tertiaque

174 1395 266 1439 vice
298 1394 484 1438 Tobiam
515 1392 600 1454 (nr.
635 1394 688 1450 98
722 1409 834 1437 nunc
878 1393 993 1452 238),
1035 1392 1247 1452 pauloque
1290 1405 1389 1451 post
1433 1394 1575 1439 denuo
1621 1396 1808 1441 Vitalem

176 1469 253 1525 (nr.
285 1466 367 1511 108
398 1480 510 1509 nunc
543 1464 664 1524 248).
698 1466 768 1518 At,
789 1465 824 1508 si
845 1464 1140 1508 testimonium
1161 1464 1212 1508 ab
1231 1464 1329 1509 hinc
1351 1466 1543 1524 quintum
1571 1467 1810 1525 aspicimuS,

174 1538 219 1581 in
251 1537 336 1582 hoc
367 1536 452 1580 iam
484 1547 631 1595 quarta
675 1536 770 1580 vice
819 1535 1005 1579 Tobiam
1048 1535 1318 1580 offendimus.
1363 1537 1425 1581 Ut
1468 1538 1568 1596 quid
1610 1539 1808 1583 confusio

174 1608 281 1652 haec
295 1609 337 1652 ?!
367 1607 487 1652 Nihil
507 1607 760 1652 miraremur
781 1606 883 1660 fors,
902 1607 937 1650 si
956 1622 1103 1650 comes
1127 1607 1292 1651 curialis
1314 1607 1511 1652 electioni
1531 1609 1810 1655 factiosorum

174 1679 399 1724 hominum
431 1678 651 1736 expositus
683 1678 845 1731 fuisset,
876 1689 977 1722 tunc
1008 1678 1122 1722 enim
1154 1678 1299 1736 utique
1331 1694 1398 1723 res
1441 1680 1711 1737 postulasset,
1764 1694 1809 1725 ut

176 1765 324 1795 comes
356 1749 520 1794 curialis
553 1749 748 1793 factionis
781 1764 880 1795 suae
919 1749 1097 1793 victoria
1119 1749 1189 1793 vel
1210 1749 1327 1794 clade
1348 1750 1559 1796 obtineret
1579 1754 1809 1797 amitteret-

176 1836 258 1880 que
302 1836 455 1865 munus
488 1836 623 1864 suum.
672 1820 729 1863 At
776 1820 883 1864 bene
931 1820 1099 1873 scimUS,
1151 1821 1353 1865 comitem
1400 1823 1600 1868 curialem
1644 1824 1809 1882 simpli-

177 1893 283 1936 citer
314 1892 518 1936 vicarium
551 1903 593 1935 et
623 1891 740 1935 velut
774 1906 1065 1935 oeconomum
1104 1891 1234 1936 fuisse
1266 1893 1435 1937 comitis
1467 1894 1517 1938 ab
1543 1910 1683 1954 eoque
1715 1896 1808 1940 solo

177 1974 452 2020 assumptum.
487 1963 578 2019 Jam
611 1977 730 2016 vero,
768 1962 803 2006 si
834 1962 1016 2021 aliquem
1049 1977 1194 2007 comes
1231 1962 1388 2008 dimisit
1431 1980 1455 2008 a
1498 1967 1672 2011 servitio
1718 1983 1809 2022 suo,

177 2034 308 2079 altera
337 2034 431 2078 vice
462 2034 534 2077 vix
566 2049 665 2077 eum
696 2034 857 2090 recipit,
889 2048 942 2077 eo
976 2033 1115 2078 minus
1148 2046 1296 2093 quarta
1328 2035 1434 2082 vice.

319 2104 364 2148 Si
396 2119 500 2162 ergo
534 2104 639 2148 haec
671 2104 853 2162 farrago,
885 2105 989 2149 haec
1028 2104 1224 2150 confusio
1269 2118 1364 2150 actu
1407 2108 1582 2153 minime
1627 2110 1807 2154 existere

176 2176 316 2232 potuit
348 2187 391 2220 et
434 2175 571 2233 reipsa
617 2176 798 2219 comites
831 2176 1008 2220 curiales
1040 2175 1192 2235 aliique
1226 2177 1430 2223 officiales
1478 2180 1665 2224 minores
1710 2192 1808 2226 tunc

178 2261 346 2306 quoque
380 2246 576 2290 ordinate
608 2246 685 2290 sibi
717 2247 899 2291 invicem
927 2247 1222 2302 succedebant,
1245 2249 1345 2308 quid
1365 2250 1479 2295 aliud
1499 2262 1563 2295 est
1584 2251 1807 2309 agendum,

178 2332 305 2376 quam
350 2317 529 2376 seligere
563 2318 808 2362 testimonia
846 2318 1026 2375 regestri
1057 2319 1371 2375 Varadinensis‚
1413 2322 1457 2365 in
1501 2322 1648 2380 quibus
1692 2323 1805 2367 idem

177 2403 324 2432 comes
369 2388 534 2433 curialis
579 2400 651 2433 aut
695 2388 807 2433 idem
840 2403 986 2433 comes
1019 2389 1184 2434 curialis
1228 2391 1434 2451 simulque
1479 2393 1645 2437 adiutor
1686 2409 1804 2438 suus:

177 2459 368 2503 bilochus
410 2459 584 2503 nomine
629 2459 815 2504 iudicum
860 2460 991 2504 instar
1034 2464 1359 2507 memorantur?
1404 2464 1471 2508 Sic
1516 2465 1629 2508 enim
1673 2480 1805 2508 nexus

175 2530 457 2587 plurimorum
476 2530 824 2574 testimoniorum
857 2530 1065 2590 simulque
1098 2542 1277 2589 tempus,
1299 2534 1487 2594 illudque
1508 2536 1649 2593 exigui
1671 2536 1804 2593 spatii,

176 2616 260 2660 quo
316 2615 435 2644 casus
485 2602 666 2645 enarrati
715 2616 912 2656 evenere,
962 2602 1279 2649 determinatur.
1323 2606 1435 2649 Nam
1489 2618 1669 2664 tempus,
1719 2622 1803 2665 quo

1622 2691 1661 2731 ς*
