2170 3210
1718 164 1779 199 301

134 293 316 339 eandem
360 306 518 338 terram
550 294 767 339 cruciferis
799 294 933 338 sancti
963 294 1137 351 Joannis
1171 294 1416 352 Baptistae.¹
1443 296 1611 340 Fratres
1638 307 1782 340 autem

134 366 226 412 eius
257 365 474 424 praedicti,
511 366 723 411 duxerunt
766 381 862 410 eam
904 367 951 410 in
995 381 1167 410 causam
1210 378 1308 410 ante
1356 381 1503 425 regem
1548 367 1784 423 Andream,

134 438 336 492 dicenteS,
367 453 457 482 non
487 438 615 483 licere
647 438 687 483 ei
719 453 894 497 quoquo
927 437 1060 482 modo
1094 437 1278 482 alienare
1320 450 1479 482 terram
1522 439 1636 483 illam
1679 439 1783 494 aliis,

133 525 231 556 cum
261 509 343 568 ipsi
373 511 459 554 sint
491 510 779 555 commetanei
811 521 854 554 et
884 509 974 567 ipsa
1006 521 1119 554 terra
1151 510 1205 554 sit
1248 510 1308 554 eis
1352 510 1644 558 haereditaria.
1687 512 1780 556 Rex

131 583 273 643 itaque
295 597 392 627 cum
410 582 668 640 principibus
690 583 774 626 suis
794 582 837 626 id
858 582 998 640 ipsum
1019 582 1220 636 sentiens,
1243 581 1343 626 dato
1366 582 1584 640 pristaldo,
1603 583 1784 628 nomine

131 655 372 709 Fonchuca,
405 654 533 699 fratre
566 654 741 712 Heym,²
775 654 991 712 praecepit
1022 666 1181 698 terram
1214 654 1327 698 illam
1371 655 1607 699 venundari
1649 670 1778 713 prae-

132 726 252 772 dictis
283 726 525 785 praedictae
565 726 763 771 dominae
797 725 1007 771 fratribus
1051 726 1141 780 Qui
1186 742 1282 770 cum
1321 727 1526 771 iamdicto
1573 727 1782 784 pristaldo

130 800 358 844 venientes
389 798 667 853 Varadinum‚
699 798 907 843 dederunt
939 798 1155 843 cruciferis
1195 798 1395 856 praefatis
1441 814 1518 856 pro
1565 799 1779 856 saepeiam

130 870 241 915 dicta
273 882 384 915 terra
414 872 604 928 pretium
636 869 871 915 secundum
903 871 1245 915 aestimationem
1278 872 1401 929 regni
1433 871 1584 929 viginti
1605 882 1648 915 et
1671 870 1773 915 duas

130 957 307 997 marcas,
338 942 507 987 fertone
540 943 696 997 minus,
729 954 771 986 et
803 954 975 996 terram,
1006 943 1050 986 in
1081 958 1232 987 eorum
1266 943 1331 986 ius
1363 943 1476 1001 regis
1523 943 1777 987 auctoritate

128 1013 383 1069 revolutam,
429 1015 681 1059 testimonio
730 1015 869 1058 nostri
917 1014 1086 1072 capituli
1132 1014 1406 1059 Varadiensis
1456 1014 1533 1058 sibi
1586 1014 1778 1058 fecerunt

132 1083 321 1131 adscribi.

762 1195 840 1241 Nr.
875 1196 969 1254 378.
1003 1195 1149 1255 (131.)

271 1279 384 1324 Cum
409 1280 596 1324 Ecclesia
628 1280 762 1324 sancti
792 1279 1127 1336 Protomartyris
1148 1278 1200 1323 de
1237 1279 1487 1323 territorio³
1526 1278 1777 1322 Varadiensi

129 1351 339 1412 quandam
359 1363 517 1396 terram
539 1367 672 1406 suam,
687 1352 863 1396 nomine
879 1350 1148 1405 Thomasci,4
1171 1351 1422 1395 contulisset
1443 1365 1523 1394 usu
1540 1350 1773 1394 fructuario

125 1424 339 1483 Raphaeli,
390 1423 479 1468 filio
530 1424 732 1468 Thomae
784 1424 965 1477 comitiS,
1015 1423 1229 1481 Rapha‘e'tle
1286 1435 1430 1467 autem
1484 1423 1528 1466 in
1590 1437 1774 1479 persona

127 1507 169 1540 et
199 1496 243 1540 in
272 1496 433 1540 cunctis
480 1495 821 1554 possessionibus
873 1496 958 1539 suis
1001 1510 1080 1553 pro
1137 1494 1317 1554 quadam
1374 1495 1631 1539 enormitate
1663 1493 1772 1538 faci-

124 1567 241 1612 noris
288 1568 353 1612 sui
400 1579 549 1612 contra
594 1568 802 1613 comitem
846 1567 958 1611 Both
1001 1566 1165 1624 publice
1211 1566 1542 1624 condempnato,
1581 1581 1773 1624 praeno-

124 1640 286 1684 minata
316 1650 442 1694 terra,
472 1640 583 1684 inter
617 1651 804 1684 caeteras
835 1639 1045 1683 nominati
1080 1638 1306 1696 Raphaelis
1348 1650 1495 1693 terras,
1535 1639 1581 1683 in
1621 1653 1770 1682 manus

123 1711 236 1770 regis
268 1710 466 1756 Andreae
498 1710 752 1756 devenisset.
785 1711 876 1756 Rex
908 1726 1013 1755 vero
1046 1710 1258 1764 Ladislao,
1304 1711 1457 1754 comiti
1501 1710 1553 1755 de
1587 1710 1698 1754 Bach
1728 1721 1776 1754 etv

123 1783 250 1828 iudici
282 1783 436 1838 curiae,
473 1796 633 1828 terram
677 1782 856 1828 eandem
901 1782 1179 1836 comtulisset,
1224 1781 1456 1840 Philippus,
1503 1782 1771 1840 praepositus

124 1855 328 1900 ecclesiae
359 1856 492 1901 sancti
530 1855 868 1912 Protomartyris
912 1871 1009 1900 curn
1050 1855 1193 1912 priore
1240 1853 1433 1899 Adriano
1480 1865 1522 1898 et
1566 1854 1771 1899 Cornelio

124 1926 315 1982 custode,
335 1943 505 1974 necnon
526 1928 730 1972 universo
752 1927 944 1972 eiusdem
965 1927 1048 1971 loci
1068 1926 1251 1985 capitulo
1279 1926 1594 1986 requisiverunt
1617 1941 1771 1984 supra-

124 1999 280 2044 dictam
311 2011 483 2055 terram,
516 2000 705 2045 dicentes
729 2011 772 2044 et
800 1999 1051 2043 testimonio
1083 1998 1293 2057 privilegii
1325 1998 1620 2052 ostendentes,
1652 1997 1769 2057 quod

123 2071 311 2130 praefata
355 2084 467 2117 terra
511 2072 713 2117 ecclesiae
759 2073 892 2116 sancti
934 2071 1272 2128 Protomartyris
1319 2083 1447 2125 esset,
1492 2083 1535 2115 et
1573 2069 1767 2128 praefato

121 2143 336 2202 Rapha'eli,
379 2156 529 2202 utpote
576 2144 739 2189 devoto
786 2143 989 2188 ecclesiae
1044 2143 1148 2197 filio,
1192 2160 1271 2187 usu
1316 2143 1549 2187 fructuario
1603 2142 1768 2195 collata,

122 2216 232 2260 inter
264 2215 485 2261 facultates
518 2217 650 2275 ipsius
682 2215 906 2274 Raphaelis
939 2215 988 2260 ab
1021 2215 1197 2260 ecclesia
1229 2230 1320 2259 non
1368 2215 1544 2260 deberet
1584 2213 1765 2258 alienari.

122 2288 214 2332 Rex
245 2288 387 2347 itaque
420 2303 518 2333 cum
549 2289 635 2333 suis
666 2287 923 2346 principibus
946 2287 998 2332 de
1019 2288 1105 2332 iam
1127 2287 1238 2332 dicta
1258 2299 1371 2332 terra
1397 2287 1536 2331 taliter
1559 2285 1773 2339 definivit,

266 2433 278 2455 ¹
306 2433 517 2480 Szentsznos
542 2445 654 2480 pagus
680 2434 718 2468 in
745 2444 842 2468 com.
869 2432 989 2467 Bihar.

264 2492 278 2513 ²
305 2493 427 2540 Heym
461 2504 586 2529 comes
625 2493 669 2528 de
708 2493 842 2528 Borsva
880 2491 1022 2538 (Bereg)
1061 2493 1217 2528 occurrit
1256 2504 1286 2527 a.
1329 2501 1430 2535 1214.
1470 2491 1621 2527 Confer.
1660 2503 1766 2538 supra

121 2566 174 2589 nr.
206 2564 260 2599 39,
286 2564 343 2594 72.

263 2613 278 2634 ⁸
303 2613 434 2650 Recte:
459 2614 726 2660 promontorio.

264 2673 278 2694 ⁴
305 2674 452 2710 Tamaisi
478 2673 666 2720 praedium
692 2674 787 2709 inter
812 2673 897 2720 Rojt
923 2681 958 2709 et
984 2673 1148 2720 Harsdny
1174 2673 1212 2708 in
1239 2683 1323 2708 com
1351 2673 1469 2708 Bihar.
