2170 3210
450 161 519 198 290

450 292 624 336 nomine
656 290 792 343 Tuba,
822 289 1026 347 persolvit
1058 289 1100 332 in
1133 288 1199 333 die
1231 289 1394 332 Natalis
1425 288 1627 332 Domini²
1647 287 1834 332 totaliter
1853 287 2080 332 nominatis

451 363 547 408 filiis
568 362 810 414 Absolonis,
838 372 881 404 et
911 361 966 404 ita
999 360 1215 404 absolutus
1248 360 1296 404 ab
1330 360 1449 403 omni
1480 359 1658 412 cambio,
1691 359 1974 417 appropriavit
2004 359 2081 403 sibi

453 434 533 478 soli
563 432 793 490 praedium,
825 431 940 490 quod
971 431 1107 475 Letha
1138 442 1326 476 vocatur.

594 504 671 548 His
722 505 782 548 ita
829 503 959 561 gestis
1007 514 1183 562 utraque
1235 517 1342 560 pars,
1396 502 1598 560 praestito
1644 512 1908 545 sacramento
1959 515 2082 559 super

456 575 727 633 sepulchrum
771 585 812 618 et
850 575 1043 633 reliquias
1089 574 1220 618 sancti
1263 574 1376 631 regis
1422 572 1600 616 Ladislai
1632 572 1815 616 invicem
1852 571 1929 616 sibi
1966 572 2082 616 iura-

454 658 618 700 verunt,
641 645 756 705 quod
778 646 828 690 de
851 657 1023 690 caetero
1044 646 1127 689 sint
1148 645 1323 702 pacifici,
1344 644 1504 688 nullum
1527 644 1694 701 penitus
1715 642 1873 687 malum
1897 657 2084 702 unquam

458 719 618 762 illaturi.

1073 824 1150 869 Nr·
1185 838 1281 881 357·
1315 823 1459 882 (346)

597 908 831 952 Universus
851 907 1168 951 Waradinensis
1186 907 1388 950 ecclesiae
1406 917 1639 951 conventus
1656 905 1862 949 universis
1881 903 2082 948 ecclesiae

456 991 598 1024 sancte
621 979 715 1023 filiis
735 979 915 1023 salutem
937 979 979 1022 in
997 978 1139 1021 salutis
1161 978 1360 1022 Auctore.
1378 979 1621 1021 Innotescat
1643 976 1854 1028 omnibus,
1885 989 2083 1032 praesens

457 1052 660 1108 scripturn
690 1050 953 1107 inspecturis,
988 1049 1228 1093 Ladislaum
1260 1049 1463 1093 comitem
1495 1048 1546 1092 de
1580 1047 1704 1101 Bach,
1734 1047 1919 1092 iudicem
1966 1046 2084 1090 aulae

457 1123 611 1180 regiae,
642 1121 738 1165 talia
760 1121 882 1165 nobis
904 1136 979 1178 per
1001 1121 1162 1164 litteras
1194 1136 1289 1164 suas
1321 1120 1571 1164 auctoritate
1602 1119 1783 1163 iudiciali
1809 1118 2085 1176 praecepisse,

459 1193 574 1253 quod
605 1208 666 1246 ea,
699 1209 804 1252 quae
838 1193 890 1237 de
924 1193 1038 1236 exitu
1077 1207 1226 1236 causae
1271 1191 1457 1236 Simonis
1497 1203 1539 1235 et
1583 1190 1721 1235 fratris
1766 1190 1854 1233 eius
1897 1188 2086 1242 Vodasii,

458 1265 644 1308 filiorum
677 1265 854 1309 Chenke
886 1264 930 1307 in
960 1263 1163 1321 parochia
1194 1263 1454 1307 Bichoriensi
1487 1278 1538 1305 ex
1570 1278 1651 1306 una
1670 1272 1801 1319 parte,
1824 1272 1866 1304 et
1897 1259 2085 1304 filiorum

455 1336 605 1390 Natus,
637 1335 794 1380 scilicet
826 1335 961 1393 Egidii
993 1346 1036 1379 et
1075 1334 1290 1392 Stephani,
1332 1335 1374 1377 in
1418 1333 1618 1391 parochia
1662 1332 1797 1376 Bekes
1841 1347 1895 1376 ex
1939 1331 2084 1383 altera,

456 1406 639 1452 Michael
671 1406 845 1451 clericus
879 1407 967 1450 eius
1007 1408 1103 1451 viva
1147 1420 1256 1449 voce
1290 1405 1475 1449 ediceret
1516 1404 1651 1458 nobis,
1693 1418 1774 1447 nos
1816 1403 1860 1447 in
1901 1401 2084 1460 registro
2145 1459 2146 1462 Ἴ

457 1490 606 1522 nostro
640 1493 718 1535 pro
750 1490 842 1522 rato
875 1478 1168 1523 scriberemus,
1200 1477 1383 1520 Michael
1416 1488 1558 1520 autem
1588 1476 1635 1520 in
1666 1474 1901 1533 praesentia
1921 1474 2084 1518 utrius-

460 1564 540 1608 que
572 1550 699 1606 partis
731 1549 920 1602 asseruit,
952 1551 1298 1606 praenominatos
1336 1547 1445 1591 filios
1490 1546 1668 1591 Chenka
1698 1561 1722 1589 a
1752 1544 2085 1603 praenominatis

458 1620 555 1665 filiis
587 1620 724 1664 Natus
757 1636 918 1664 novem
950 1621 1084 1678 capita
1116 1620 1340 1664 hominum
1378 1618 1658 1677 requisivisse,
1688 1616 1885 1660 videlicet
1925 1614 2084 1667 Lench,

459 1707 555 1735 cum
600 1691 759 1735 duabus
807 1691 967 1735 filiabus
1014 1691 1112 1745 suis,
1156 1691 1315 1735 scilicet
1359 1689 1471 1735 Beda
1516 1700 1559 1733 et
1595 1689 1705 1742 Nuz,
1736 1699 1779 1732 et
1809 1688 1914 1732 item
1944 1687 2086 1743 Jacam

458 1777 554 1806 curn
585 1762 776 1806 duabus2
808 1762 964 1807 scilicet
997 1761 1165 1806 Choma
1197 1774 1239 1805 et
1273 1760 1505 1814 Michaele3
1537 1759 1753 1817 Tumpam
1784 1773 1954 1817 quoque
1987 1771 2084 1802 cum

458 1833 542 1877 filia
573 1835 673 1877 sua3
704 1833 881 1878 scilicet:
913 1834 1023 1878 Mica
1045 1845 1087 1877 et
1110 1833 1306 1886 Penteca‚
1329 1844 1371 1876 et
1394 1847 1490 1876 cum
1511 1846 1635 1876 causa
1663 1845 1813 1874 eorum
1834 1829 1886 1874 ad
1908 1843 2086 1873 examen

464 1903 563 1948 ferri
612 1904 827 1948 candentis
875 1920 898 1948 a
943 1905 1266 1962 praenominato
1310 1903 1446 1947 iudice
1491 1917 1564 1960 per
1608 1901 1870 1959 pristaldum‚
1910 1901 2085 1945 nornine

459 1975 604 2019 Micou
637 1974 689 2019 de
721 1976 818 2019 villa
850 1974 1104 2019 Cundurus4
1139 1976 1181 2019 in
1212 1975 1412 2032 parochia
1449 1974 1598 2026 Bekes,
1640 1972 1787 2016 fuisset
1823 1972 1867 2016 in
1911 1971 2086 2029 Agriam

461 2046 680 2102 destinata,
731 2046 804 2090 filii
850 2047 1001 2100 Natus,
1045 2047 1206 2104 seipsos
1251 2056 1626 2103 recognoscentes,
1671 2043 1836 2087 Simoni
1879 2053 1922 2087 et
1968 2042 2087 2086 fratri

460 2118 563 2170 eius,
594 2117 749 2162 Vadasi
780 2133 826 2161 se
859 2118 1083 2175 culpabiles
1115 2117 1409 2162 reddidissent.
1441 2116 1505 2160 Illi
1536 2127 1678 2160 autem
1701 2114 1878 2159 consilio
1907 2125 1950 2158 et
1970 2114 2085 2171 peti-

459 2189 576 2232 tione
609 2188 842 2246 proborum
873 2189 1097 2233 hominum
1128 2189 1287 2232 inducti
1320 2199 1360 2231 et
1397 2187 1581 2232 inclinati
1623 2201 1753 2230 unam
1795 2184 1989 2229 ancillam
2033 2184 2083 2229 de

459 2260 520 2303 IX
554 2260 768 2317 capitibus,
798 2259 958 2304 scilicet
989 2261 1232 2312 Pentecam‚
1263 2259 1461 2317 praefatis
1494 2273 1644 2302 eorum
1675 2256 1924 2301 adversariis
1956 2256 2084 2300 dimi-

462 2331 627 2384 sissent,
658 2330 825 2389 reliquis
857 2331 900 2375 in
932 2331 995 2374 ius
1029 2346 1179 2375 eorum
1210 2330 1431 2374 devolutis.

603 2472 614 2493 ¹
642 2473 850 2508 Secundum
875 2474 1188 2519 computationem
1212 2480 1373 2508 nostram
1399 2473 1456 2508 die
1482 2482 1562 2517 25-a
1587 2473 1795 2508 Decembris
1821 2484 1851 2507 a.
1883 2470 1980 2506 1228.

602 2531 615 2551 ²
643 2533 809 2567 Rectius:
837 2532 976 2567 duobus
1003 2532 1094 2567 filiis.

603 2592 617 2612 ³
642 2592 807 2627 Rectius:
835 2591 973 2626 filiabus
999 2592 1081 2626 suis.

602 2650 616 2670 ⁴
644 2651 835 2685 Kondoros
861 2662 971 2696 pagus
997 2652 1035 2685 in
1062 2662 1157 2686 com.
1185 2650 1309 2685 Bekes.
