2170 3210
1699 146 1763 183 145

115 279 336 325 voluntate
368 291 413 325 et
444 279 600 324 iudicio
633 279 869 339 gubernari.
901 279 1005 324 Non
1037 290 1101 323 est
1131 279 1273 338 igitur,
1304 280 1441 324 lector
1479 280 1656 338 optime,
1685 295 1759 324 cur

114 351 202 397 hoc
233 351 473 406 consilium,
516 367 602 412 quo
635 352 721 397 hoc
752 351 998 409 exemplum
1030 350 1317 409 explorandae
1348 351 1539 396 veritatis
1584 352 1761 411 eiusque

118 422 367 468 testimonia
397 423 510 469 edita
542 434 654 478 sunt,
685 438 790 468 naso
822 422 1054 481 suspendas
1093 422 1272 468 adunco.
1305 422 1518 478 Quamuis
1550 438 1641 468 non
1684 435 1765 478 est,

113 493 237 554 quod
267 510 509 555 quenquam
539 495 583 540 id
614 495 826 540 facturum
867 494 1068 539 timeam:
1115 510 1246 554 quum
1278 494 1321 539 id
1352 494 1446 539 fieri
1474 511 1578 547 ¹non
1615 496 1764 553 possit,

117 567 199 612 nisi
229 566 281 612 ab
313 582 382 622 e0‚
414 568 486 627 qui
527 566 715 612 studium
746 566 939 611 falsitatis
977 565 1120 611 studio
1153 567 1343 611 veritatis
1387 579 1666 625 anteponere,
1722 579 1766 612 et

113 638 328 698 exempla,
350 655 458 699 quae
484 638 729 684 hominibus
760 639 892 683 instar
910 638 1071 683 stimuli
1092 638 1145 683 ad
1167 638 1504 696 amplectandam
1536 639 1765 684 veritatem

114 704 213 756 ¹esse
240 711 421 769 possint,
451 727 476 756 e
508 710 653 756 medio
685 710 840 755 tollere
873 709 987 755 velit.
1022 710 1129 755 Vale
1152 711 1260 755 bene
1283 722 1326 754 et
1348 710 1576 755 foeliciter:
1600 711 1766 756 Colos-

116 783 225 827 uarii
257 782 399 828 Pridie
429 782 530 828 Idus
561 783 676 828 Maii.

458 856 586 899 Anno
618 854 778 899 Christi
810 854 988 898 Domini
1020 855 1253 899 seruatoris
1285 855 1421 898 nostri

822 962 1069 1006 MDL

540 1165 986 1210 TYPOGRAPHVS
1018 1165 1278 1211 LECTORI
1310 1167 1350 1212 S.

268 1262 429 1317 Errata,
462 1278 569 1322 quae
602 1263 713 1308 inter
742 1262 1078 1321 imprimendum
1109 1263 1386 1321 irrepserunt,
1417 1262 1594 1307 candide
1616 1263 1763 1307 lector

118 1350 202 1394 pro
234 1347 308 1380 tua
338 1334 561 1394 prudentia
592 1346 718 1395 atque
751 1333 990 1379 eruditione
1023 1335 1143 1379 facile
1177 1335 1436 1382 emendabis,
1484 1334 1609 1379 Haud
1653 1336 1770 1380 enim

122 1406 218 1452 fieri
247 1407 402 1466 potuit,
433 1422 530 1452 curn
554 1422 608 1451 ex
629 1407 806 1466 antiquo
830 1406 1064 1465 exemplari
1085 1407 1169 1451 hoc
1191 1418 1389 1452 nostrum
1419 1407 1771 1466 deprauatissime

118 1490 170 1524 -et
200 1477 416 1524 interdum
447 1479 670 1523 sententiis
702 1478 906 1524 mutilatis
939 1478 1199 1537 descriptum
1233 1479 1373 1534 fuerit,
1418 1480 1519 1539 quin
1562 1479 1772 1538 quaedam

120 1550 356 1596 .leuiuscula
377 1551 751 1596 committerentur
779 1564 928 1596 errata.
961 1551 1261 1596 Praecauimus
1295 1564 1440 1596 autem
1479 1551 1685 1605 studiose,
1717 1567 1772 1595 ne

117 1638 150 1668 .a
180 1623 304 1668 nobis
335 1623 470 1668 ullum
500 1624 692 1676 verbum,
723 1623 839 1683 quod
865 1624 908 1667 in
942 1623 1176 1681 exemplari
1198 1624 1406 1682 scriptum
1426 1624 1520 1678 fuit,
1542 1624 1774 1668 omittere-

126 1705 210 1749 tur,
239 1707 312 1740 aut
343 1694 584 1750 adderetur,
617 1706 688 1739 aut
732 1696 957 1754 quicquam
1000 1695 1313 1740 immutaretur.
1355 1696 1462 1741 Eam
1506 1696 1561 1740 ob
1604 1711 1694 1740 rem
1741 1696 1776 1739 si

128 1778 171 1812 te
204 1766 426 1826 quaedam,
458 1767 658 1825 precipue
690 1782 796 1811 vero
830 1782 964 1825 genus
996 1767 1093 1821 stili,
1125 1767 1398 1822 offenderint,
1424 1768 1640 1827 quoniam,
1661 1779 1709 1811 vt
1732 1781 1775 1811 te

121 1838 335 1897 praefatio
367 1839 509 1893 docet,
540 1840 778 1883 vetustiora
810 1850 920 1892 sunt,
952 1838 1074 1884 nobis
1107 1855 1196 1883 non
1234 1840 1473 1897 imputabis,
1517 1839 1594 1884 sed
1639 1841 1775 1884 amice

125 1926 208 1970 pro
241 1922 318 1955 tuo
351 1909 537 1955 candore
568 1911 765 1969 ignosces
798 1921 841 1954 et
874 1911 963 1955 sine
997 1911 1138 1970 aliquo
1172 1923 1337 1956 terrore
1371 1928 1418 1956 ac
1450 1911 1621 1957 fastidio
1644 1912 1763 1970 leges

120 1982 230 2027 alias
262 1994 456 2028 nostram
486 1983 531 2027 in
562 1982 814 2027 excudendo
838 1982 1101 2041 diligentiam
1123 1983 1287 2028 abunde
1311 1996 1630 2042 conspecturus
1654 1985 1775 2028 Vale.

1599 2750 1639 2774 10
