2170 3210
1696 153 1759 190 143

116 286 302 345 primum
333 285 550 330 terrebant
580 286 820 340 mulierem,
850 301 904 330 ne
937 301 1090 344 aquam
1121 285 1436 330 maledictionis
1467 285 1629 330 biberet
1652 297 1695 330 et
1716 302 1763 331 se

115 359 269 403 mortis
298 358 490 417 periculo
523 368 774 416 exponeret,
805 357 881 402 sed
912 357 1042 401 libere
1076 357 1356 402 confiteretur
1400 358 1574 404 crimen.
1622 358 1763 414 Quae,

116 431 151 476 si
182 429 467 476 confitebatur
513 429 727 484 delictum,
769 445 858 474 non
902 428 1236 487 compellebatur
1268 429 1320 473 ad
1351 429 1577 474 bibendam
1609 445 1762 489 aquam

115 518 303 548 amaram
347 514 391 547 et
434 501 716 557 maledictam,
762 500 838 546 sed
881 500 1179 560 egrediebatur
1223 500 1380 559 absque
1413 501 1566 555 liberis,
1597 502 1761 562 sibique

114 576 195 634 ipsi
224 574 419 619 viuebat:
465 574 538 619 Sin
575 574 729 628 minus,
763 573 994 618 ducebatur
1027 573 1079 618 ad
1110 584 1279 630 portam
1314 573 1462 631 templi
1494 575 1762 630 orientalem,

114 646 462 706 statuebaturque
495 663 518 691 a
549 645 780 691 Sacerdote
822 660 970 690 coram
1013 645 1221 702 Domino,
1265 656 1313 689 vt
1357 645 1406 690 ab
1447 661 1514 700 eo,
1558 647 1762 692 nimirum

113 719 271 764 Sancto
304 730 347 763 et
379 718 555 764 terribili
586 717 902 776 perterrefieret
925 729 968 762 et
990 717 1268 762 confiteretur
1300 717 1527 762 delictum:
1566 735 1682 772 mox,
1726 722 1763 765 si

113 793 204 836 sine
236 790 512 836 confessione
543 801 874 849 perseuerasset,
905 789 1296 834 circumastantibus
1329 790 1576 835 mulieribus
1611 793 1760 849 priua-

106 863 235 908 -batur
267 863 388 907 omni
419 874 587 916 ornatu,
606 862 716 907 adeo
740 862 869 906 etiam
889 873 1144 920 tegumento
1169 863 1331 920 capitis.
1353 863 1521 907 Deinde
1546 863 1761 908 adiurabat

113 950 209 980 eam
242 934 450 980 Sacerdos
482 935 547 979 his
579 935 742 979 verbis:
788 934 832 978 Si
863 950 952 978 non
985 933 1190 979 dormiuit
1219 934 1285 978 vir
1316 934 1475 978 alienus
1520 946 1676 990 tecum,
1718 949 1760 980 et

111 1008 150 1052 si
180 1022 270 1052 non
302 1007 466 1065 polluta
499 1023 545 1052 es
577 1007 749 1052 deserto
781 1007 923 1051 mariti
955 1006 1100 1061 thoro,
1130 1022 1218 1051 non
1250 1006 1328 1051 tibi
1367 1007 1585 1051 nocebunt
1626 1024 1759 1067 aquae

111 1080 217 1124 istae
250 1080 526 1134 amarissime,
557 1090 601 1124 et
632 1078 906 1123 maledictae:
953 1079 1026 1123 Sin
1070 1090 1215 1123 autem
1247 1078 1467 1124 declinasti
1499 1095 1521 1123 a
1555 1081 1651 1124 viro
1684 1092 1758 1125 tuo

113 1162 239 1211 atque
270 1151 431 1210 polluta
463 1167 510 1196 es
542 1163 585 1195 et
618 1151 885 1196 concubuisti
923 1167 1022 1195 cum
1054 1152 1189 1196 altero
1221 1152 1332 1206 viro,
1365 1151 1436 1196 det
1470 1163 1511 1197 te
1545 1153 1759 1198 Dominus

110 1225 157 1269 in
187 1223 541 1270 maledictionem
585 1235 627 1268 et
673 1223 918 1281 exemplum
966 1235 1220 1268 cunctorum
1252 1224 1296 1267 in
1328 1224 1472 1269 medio
1506 1225 1653 1283 populi
1686 1226 1760 1279 tui,

114 1307 157 1340 et
185 1307 430 1354 putrescere
450 1295 576 1340 faciat
598 1296 736 1340 femur
758 1308 893 1350 tuum,
915 1308 959 1340 et
982 1295 1118 1339 inflari
1138 1307 1309 1340 vterum
1329 1308 1470 1341 tuum:
1503 1297 1757 1355 Ingredian-

112 1379 182 1412 tur
214 1383 347 1428 aquae
378 1368 486 1412 istae
517 1367 769 1412 maledictae
801 1370 847 1413 in
884 1370 1050 1413 viscera
1093 1380 1177 1423 tua,
1222 1381 1267 1413 ut
1310 1370 1569 1413 intumescat
1612 1381 1758 1414 vterus

111 1451 222 1495 tuus,
260 1451 304 1485 et
346 1451 561 1498 putrescat
603 1440 743 1485 femur
788 1452 932 1485 tuum:
977 1441 1159 1485 Muliere
1205 1452 1349 1486 autem
1393 1441 1576 1496 dicente,
1620 1458 1758 1496 amen,

110 1527 260 1557 amen:
293 1511 502 1557 Sacerdos
534 1513 742 1557 scribebat
774 1513 902 1557 verba
933 1512 1223 1566 adiurationi8‚
1266 1515 1359 1558 siue
1406 1513 1535 1558 verba
1580 1514 1758 1558 Domini

108 1584 152 1629 in
184 1584 400 1638 schedam,
431 1596 474 1629 et
506 1585 704 1629 mittebat
735 1586 780 1628 in
813 1600 965 1644 aquam
997 1596 1200 1638 sanctam,
1233 1601 1360 1644 quam
1393 1601 1447 1630 ex
1478 1585 1596 1630 labro
1617 1588 1662 1630 in
1681 1602 1757 1630 vas

108 1656 240 1701 fictile
285 1668 521 1714 acceperat,
564 1656 711 1701 delens
751 1658 1005 1714 scripturam
1049 1657 1184 1715 ipsam
1215 1672 1293 1715 per
1325 1673 1501 1717 aquam:
1549 1670 1593 1703 et
1632 1659 1759 1703 simul

109 1728 304 1773 sumebat
326 1728 379 1772 de
401 1728 577 1786 puluere
603 1729 877 1783 tabernaculi,
909 1742 953 1774 et
984 1729 1170 1787 ponebat
1201 1731 1247 1774 in
1278 1729 1370 1773 illas
1403 1745 1546 1789 aquas,
1578 1731 1622 1774 in
1642 1731 1752 1775 hor-

108 1816 255 1845 rorem
297 1801 453 1859 poculi,
496 1817 578 1845 vna
618 1817 716 1845 cum
749 1802 841 1846 aliis
874 1801 998 1845 rebus
1032 1802 1198 1855 amaris,
1240 1813 1281 1845 et
1323 1802 1571 1860 porrigebat
1603 1818 1756 1862 aquam

107 1872 224 1917 illam
256 1888 444 1917 amaram
466 1885 510 1918 et
529 1873 798 1918 maledictam
818 1874 985 1917 mulieri
1007 1874 1066 1918 illi
1085 1873 1348 1918 ebibendam.
1372 1874 1417 1918 Si
1436 1875 1581 1933 itaque
1602 1875 1755 1919 mulier

107 1944 190 1999 illa,
220 1945 426 1989 innocens
458 1945 549 1999 fuit,
581 1960 689 2004 aqua
726 1945 795 1989 illa
839 1945 941 1989 nihil
987 1945 1182 1999 nocebat,
1222 1946 1298 1990 sed
1341 1948 1485 2004 potius
1530 1946 1755 2004 proderat:

106 2017 222 2062 Nam
254 2032 278 2061 a
308 2017 463 2062 marito
499 2017 669 2075 cognita
713 2017 999 2075 concipiebat:
1033 2029 1077 2061 et
1110 2033 1163 2061 ex
1201 2017 1372 2062 infirma
1418 2018 1556 2062 valida
1601 2018 1754 2064 fiebat:

108 2089 182 2134 Sin
212 2105 318 2134 vero
351 2105 526 2143 nocens,
557 2105 660 2133 mox
693 2102 739 2133 ut
772 2090 972 2143 ebiberat,
1005 2101 1155 2133 venter
1187 2090 1508 2145 intumescebat,
1542 2103 1584 2135 et
1616 2091 1755 2135 femur

107 2161 391 2219 putrescebat,
422 2173 465 2205 et
498 2161 772 2216 moriebatur,
803 2174 850 2205 vt
882 2161 1041 2206 Hebrei
1072 2162 1237 2216 volunt,
1276 2179 1359 2206 vna
1405 2178 1503 2206 cum
1547 2163 1753 2207 adultero.

251 2232 363 2277 Cum
394 2233 537 2292 itaque
562 2234 834 2278 caeremonia
854 2232 1085 2277 Candentis
1105 2233 1218 2288 ferri,
1252 2235 1402 2279 similis
1437 2234 1567 2279 fuerit
1602 2250 1752 2279 caere-

107 2305 278 2349 moniae
322 2305 589 2362 purgationis
634 2306 884 2363 Zelotipiae,
916 2304 1038 2349 facile
1070 2318 1255 2363 apparet,
1287 2308 1416 2351 ritum
1450 2307 1563 2351 hunc
1596 2323 1649 2351 ex
1682 2306 1753 2350 illo

106 2374 294 2430 fluxisse,
326 2388 369 2420 et
401 2392 424 2420 a
455 2378 615 2421 nostris
659 2377 889 2422 maioribus
924 2377 976 2421 ad
1008 2377 1267 2423 dirimendas
1301 2379 1621 2423 controuersias
1655 2394 1752 2422 cum

107 2462 278 2493 summo
299 2449 456 2493 timore
478 2460 521 2493 et
543 2449 676 2494 diuini
698 2450 884 2493 nominis
907 2451 1148 2494 reuerentia
1171 2463 1422 2508 vsurpatum
1454 2466 1567 2495 esse:
1602 2450 1751 2494 effica-

108 2533 287 2578 cemque
321 2519 450 2565 fuisse
482 2522 599 2565 iuxta
632 2522 738 2566 haec
770 2522 1029 2575 testimonia,
1060 2538 1149 2566 non
1181 2524 1319 2567 minus
1350 2535 1476 2582 atque
1498 2522 1602 2567 olim
1637 2522 1752 2565 illam

105 2590 338 2649 Zelotipiae
370 2593 672 2650 purgationem
705 2593 906 2637 diuinitus
939 2594 983 2637 in
1014 2594 1176 2652 populo
1209 2595 1292 2639 Dei
1324 2596 1575 2640 institutam.

251 2664 307 2707 At
340 2664 374 2708 si
407 2664 499 2723 quis
532 2664 714 2719 obiiciat,
747 2665 830 2709 hoc
862 2665 1051 2710 medium
1073 2666 1407 2711 dirimendarum
1429 2666 1750 2711 controuersia-
