2170 3210
1753 150 1798 196 85

154 305 310 366 Neuka
354 321 377 349 a
421 305 565 350 scribis
611 305 682 350 vel
725 321 748 349 a
792 304 1028 363 typothetis
1073 305 1200 348 unico
1249 320 1348 349 casu
1408 316 1589 364 excepto
1635 320 1805 363 semper

156 377 435 436 depravatum
481 377 624 422 fuisse.
665 377 733 421 Bis
764 377 809 421 in
841 376 983 420 forma
1019 376 1256 421 «Nimcha»
1293 377 1354 421 bis
1390 377 1625 422 ‹(Nuncha»
1671 377 1806 422 semel

162 449 318 495 Heuka
349 449 392 493 in
426 448 614 495 editione
646 449 834 507 principe
866 448 978 506 typis
1009 446 1259 492 mandatum
1291 459 1366 493 est.
1403 448 1487 493 Sed
1519 449 1595 493 sub
1620 449 1686 494 his
1708 449 1802 494 for-

156 523 237 567 mis
269 537 403 581 aeque
436 521 665 567 Neuka-m
684 520 1008 579 intelligendum
1041 535 1149 574 esse,
1171 532 1316 577 aperte
1339 520 1484 578 prodit
1506 533 1600 567 test.
1623 537 1685 568 nr.
1711 524 1806 576 166,

156 594 227 640 ubi
257 594 420 652 primae
452 594 588 638 lineae
620 593 706 637 hoc
736 608 898 637 nomen
919 592 963 636 in
983 591 1124 636 forma
1149 592 1385 636 «Nuncha»
1411 593 1595 637 reddunt
1621 593 1806 653 quidem,

156 678 198 712 at
212 678 440 727 sequentes
462 666 597 710 lineae
614 665 673 709 sic
694 676 934 723 provocant
955 663 1010 708 ad
1031 664 1217 708 eundem
1240 665 1402 708 virum:
1430 666 1804 722 «praenominatus

158 739 301 799 itaque
334 737 461 782 iudex
493 738 651 782 scilicet
682 737 833 782 Neuca
855 751 1029 781 comes»
1054 763 1113 768 -—
1135 736 1429 796 Caeteroquin
1449 737 1623 782 eruditis
1651 749 1807 782 notum

160 822 241 865 est,
274 821 540 870 quantopere
573 809 737 853 litterae
771 825 798 853 n
831 820 875 853 et
907 824 935 852 u
978 808 1021 852 in
1066 808 1273 866 scriptura
1316 809 1468 866 prioris
1513 810 1605 853 aevi
1649 809 1807 854 similes

158 882 240 927 sint
272 894 316 927 et
354 881 471 941 quod
503 897 660 925 sonum
691 882 714 926 k
758 881 1003 925 inconstans
1047 879 1154 924 illius
1203 881 1296 924 aevi
1342 880 1651 939 orthographia
1695 898 1807 926 nunc

157 954 298 999 littera
331 972 351 1000 c
371 969 484 998 nunc
515 955 559 999 ch
591 965 663 997 aut
694 955 718 998 k
749 953 988 996 insinuavit.
1022 952 1097 997 Nil
1123 952 1278 997 mirum
1318 953 1475 1012 itaque,
1507 954 1543 996 si
1575 954 1806 998 oscitantes

159 1026 319 1071 scribae
352 1037 424 1070 aut
456 1025 674 1083 typotheti
705 1041 867 1069 nomen
897 1025 1054 1070 Neuka
1085 1025 1170 1068 iarn
1201 1025 1244 1068 in
1278 1025 1474 1083 originali
1504 1025 1612 1070 libro
1643 1026 1807 1079 Neuca,

157 1098 339 1143 Neucha
370 1109 414 1142 et
445 1098 602 1142 Neuka
633 1097 839 1155 scripturn
871 1097 914 1141 in
936 1096 1076 1141 forma
1097 1096 1280 1141 Nuncha
1301 1108 1372 1140 aut
1399 1097 1585 1141 Nimcha,
1611 1098 1807 1156 legerunt

159 1182 204 1215 et
235 1169 472 1228 vulgarunt.
513 1169 692 1214 Certum
734 1184 867 1227 porro
917 1180 982 1212 est
1029 1168 1115 1212 hoc
1161 1183 1324 1212 nomen
1371 1170 1610 1226 personale,
1652 1170 1808 1214 Neuka

160 1242 381 1302 (Nuncha‚
410 1242 608 1296 Nimcha,
647 1241 822 1301 Heuka)
855 1256 1030 1298 prorsus
1063 1239 1281 1284 diversum
1313 1256 1407 1285 esse
1439 1257 1462 1284 a
1494 1242 1684 1295 nomine,
1716 1241 1807 1285 fre-

161 1314 358 1374 quentius
391 1313 503 1371 apud
533 1329 720 1372 proavos
753 1325 927 1357 nostros
950 1313 1121 1368 usitato,
1148 1312 1320 1356 «Mika»
1343 1324 1415 1357 aut
1443 1313 1641 1357 «Micha»
1665 1312 1808 1373 (Mika

160 1387 276 1431 enim
308 1396 398 1430 erat
440 1385 661 1430 Michaelis
695 1384 994 1438 diminitivum,
1022 1384 1180 1428 Neuka
1212 1399 1319 1428 vero
1352 1385 1656 1429 verosimiliter
1691 1386 1807 1429 Lau-

162 1457 326 1518 rentii),
358 1457 552 1517 adeoque
585 1458 698 1502 hunc
728 1457 930 1502 Neukam
970 1472 1003 1501 a.
1044 1459 1273 1514 1216—17
1307 1473 1462 1501 munus
1483 1458 1654 1501 comitis
1677 1458 1808 1502 Biha-

158 1530 311 1575 riensis
350 1542 574 1589 gerentem
606 1530 783 1574 minime
817 1528 1167 1573 confundendum
1201 1544 1294 1573 esse
1328 1545 1426 1573 cum
1459 1530 1578 1574 Mika
1627 1529 1810 1590 (Micha,

159 1618 273 1647 nunc
303 1603 389 1647 iam
420 1602 565 1660 potius
601 1602 718 1646 Mike
751 1600 1054 1660 pronuntiato)
1089 1617 1123 1645 a.
1163 1614 1391 1659 1213—15
1429 1601 1585 1646 eodem
1631 1618 1810 1646 munere

160 1674 369 1733 fungenti.

306 1819 623 1871 Testimonia
662 1837 732 1870 nr.
792 1837 1070 1889 175——234
1127 1822 1454 1890 (175—206‚
1513 1837 1811 1889 207—213‚

165 1921 462 1973 214—225‚
522 1903 838 1965 226—228‚'
877 1921 1161 1973 229—234
1200 1939 1257 1951 Ξ
1299 1908 1525 1973 60-—91,
1588 1923 1810 1973 39—45‚

169 2004 357 2070 ¹1-—12‚
397 1990 622 2055 96-98,
669 1988 975 2057 110—115)
1014 1988 1192 2056 scripta
1230 2007 1267 2040 a.
1315 2008 1465 2057 1219.

306 2095 478 2139 Partem
510 2095 742 2139 maximam
775 2096 957 2153 regestri
989 2095 1304 2148 Varadinensis‚
1354 2096 1403 2140 ab
1448 2097 1621 2140 interitu
1667 2096 1810 2139 vindi-

161 2179 314 2220 catam,
329 2167 575 2211 testimonia
599 2167 717 2211 annis
746 2181 1035 2224 1219—1222
1067 2168 1223 2225 scripta
1245 2169 1524 2214 constituunt.
1557 2170 1616 2210 At
1649 2182 1808 2226 quem-

162 2238 399 2283 admodum
432 2239 600 2283 colores
633 2242 749 2283 iuxta
781 2250 940 2283 stantes
975 2251 1018 2283 et
1050 2239 1317 2284 confluentes
1351 2240 1487 2284 multo
1511 2239 1726 2283 difficilius
1747 2249 1813 2281 est

164 2310 426 2369 distinguere
459 2327 507 2355 ac
539 2311 688 2369 procul
720 2323 880 2355 stantes
920 2311 979 2369 (e.
1027 2327 1087 2369 gr.
1131 2311 1307 2356 rubrum
1352 2324 1395 2356 et
1440 2309 1707 2370 caeruleum)
1752 2310 1812 2353 sic

165 2382 294 2426 etiam
345 2383 451 2427 haec
504 2384 752 2428 testimonia
799 2382 851 2427 ad
898 2398 1033 2427 annos
1087 2397 1316 2440 1219—22
1369 2383 1636 2442 pertinentia.
1688 2380 1813 2426 Haud

164 2470 294 2513 grave
342 2466 407 2499 est
457 2455 700 2510 ostendere,
745 2471 865 2499 casus
910 2455 976 2498 his
1022 2455 1065 2498 in
1105 2456 1361 2500 testimoniis
1407 2455 1644 2513 descriptos
1693 2454 1812 2498 annis

168 2540 400 2584 1219-—22
434 2539 631 2585 peractos
666 2543 772 2581 esse,
805 2539 846 2571 at
878 2542 1046 2571 summa
1078 2528 1316 2572 attentione
1349 2543 1461 2585 opus
1494 2539 1570 2580 est,
1603 2537 1648 2569 ut
1692 2540 1812 2570 casus

164 2599 403 2657 specialiter
435 2601 520 2643 suis
553 2604 671 2643 annis
703 2599 952 2643 tribuantur.
993 2599 1090 2643 Hoc
1121 2602 1164 2643 in
1209 2600 1354 2644 labore
1399 2599 1497 2643 dein
1542 2613 1812 2642 summorum

164 2671 491 2729 magistratuum
524 2672 783 2716 mutationes
828 2672 899 2714 vix
945 2670 1099 2729 aliquid
1142 2687 1223 2715 nos
1269 2671 1482 2724 adiuvant,
1525 2686 1625 2714 nam
1670 2685 1706 2713 e.
1751 2684 1812 2727 gr.
