2170 3210
447 154 512 189 166

433 296 722 342 Waradinum.
759 296 843 341 Ubi
874 312 970 341 cum
1013 308 1126 341 esset
1167 296 1404 355 praedictus
1453 299 1640 356 Angelus
1684 310 1854 357 portare
1902 299 2061 344 ferrum

431 379 612 424 paratus,
640 367 822 427 quidam,
839 367 1016 412 nomine
1037 368 1225 426 Lengeii,
1246 380 1292 413 ut
1314 372 1402 426 ipse
1425 369 1545 423 dixit,
1576 369 1627 414 de
1649 369 1748 414 villa
1769 370 1978 414 Zumtou²
2009 385 2062 414 ex

433 449 551 495 parte
582 439 1002 496 praenominatorum
1032 439 1339 497 ioubagionum
1371 455 1416 483 se
1449 439 1502 484 ad
1532 440 1617 485 hoc
1646 442 1825 485 missum
1855 455 2065 500 asserens,

432 508 588 553 iudicio
622 509 723 554 ferri
754 510 972 555 candentis
1004 511 1283 565 renunciavit,
1323 510 1482 564 dicens,
1527 511 1742 569 praefatos
1783 512 2064 571 ioubagiones

431 596 507 639 per
526 582 669 639 ipsum
689 581 924 636 mandasse,
947 582 1062 641 quod
1083 581 1370 639 supradictum
1393 582 1614 641 Angelum
1636 582 1689 628 de
1706 583 2064 642 coniobagionatu

432 652 586 697 iniuste
617 653 911 711 impetiissent.

1130 822 1195 867 32·
1228 808 1376 869 (254)

575 891 823 936 Castrenses
871 891 922 936 de
956 892 1058 936 Clus
1089 891 1142 936 de
1187 893 1479 936 centuriunatu
1512 892 1648 951 Agad,
1686 892 1867 937 scilicet:
1911 891 2065 946 Sunad,

433 962 622 1016 Vardou,
656 962 749 1020 Apa
787 974 829 1006 et
873 963 955 1013 alii,
996 962 1342 1007 coadiuvantibus
1387 979 1462 1008 eos
1506 963 1829 1022 ioubagionibus
1872 962 2065 1008 eiusdem

432 1034 568 1087 castri,
610 1034 772 1078 scilicet
787 1034 971 1092 Egeben‚
1014 1035 1204 1092 principe
1249 1035 1493 1081 exercitus!
1535 1035 1626 1078 Isac
1658 1035 1920 1088 centurione,
1951 1033 2064 1079 Beda

430 1119 638 1162 varnogy,
669 1105 768 1149 Bela
799 1117 842 1149 et
874 1105 1041 1150 Vadasa
1071 1106 1347 1163 impetierunt
1379 1106 1588 1165 quosdam
1608 1105 1885 1164 ioubagiones
1915 1105 2064 1158 Nicus,

431 1175 504 1219 filii
535 1176 682 1229 Nicus,
714 1177 899 1221 scilicet:
933 1176 1101 1221 Vedam
1133 1188 1176 1221 et
1208 1177 1386 1221 fratrem
1418 1177 1506 1221 eius
1540 1178 1742 1234 Hyscem,
1763 1176 1965 1230 dicentes,
1985 1191 2063 1221 eos

432 1262 532 1291 suos
577 1262 668 1291 esse
711 1249 920 1293 concives.
964 1248 1028 1292 Illi
1074 1260 1218 1292 autem
1249 1248 1455 1302 dixerunt,
1493 1263 1539 1292 se
1574 1263 1666 1292 esse
1699 1247 1855 1291 liberos
1887 1247 2064 1292 omnino

433 1330 474 1361 et
506 1318 770 1363 adduxerunt
801 1319 1075 1364 defensorem
1106 1320 1308 1364 libertatis
1348 1335 1499 1364 eorum
1544 1319 1767 1364 videlicet:
1800 1318 2062 1376 Stephanum

429 1388 480 1432 de
518 1389 616 1434 villa
648 1391 843 1436 Natztha.
878 1390 1214 1448 Christophorus
1245 1391 1400 1450 itaque,
1433 1405 1578 1435 comes
1610 1390 1663 1434 de
1696 1390 1831 1443 CluS‚3
1862 1403 1938 1447 per
1968 1389 2058 1447 pri-

432 1460 626 1515 staldum,
656 1463 830 1507 nomine
865 1462 969 1515 E1a‚⁴
1002 1461 1053 1506 de
1075 1462 1173 1506 villa
1196 1463 1360 1520 Zupur5
1388 1462 1500 1506 misit
1523 1477 1599 1505 eos
1622 1461 1674 1506 ad
1696 1461 1880 1506 candens
1902 1459 2062 1505 sermm

432 1531 726 1586 Waradinum,
757 1549 842 1592 quo
874 1534 1006 1578 Nicus
1040 1545 1080 1577 et
1110 1533 1390 1591 ioubagiones
1423 1533 1512 1577 eius
1545 1548 1644 1577 curn
1674 1532 1900 1577 defensore
1931 1531 2062 1575 liber-

433 1603 529 1646 tatis
562 1618 711 1647 eorum
744 1615 786 1648 et
816 1604 1017 1662 pristaldo
1050 1615 1260 1648 venerunt
1290 1616 1402 1648 stare
1433 1603 1605 1648 iudicio.
1637 1603 1882 1648 Adversarii
1919 1614 2063 1647 autem

433 1689 583 1717 eorum
615 1690 703 1719 non
735 1687 1075 1733 comparuerunt,
1102 1691 1180 1720 nec
1202 1691 1278 1733 per
1300 1675 1482 1734 aliquem
1504 1675 1824 1719 excusationem
1844 1674 2062 1718 miserunt.

431 1745 564 1789 Nicus
607 1747 746 1805 itaque
791 1746 843 1790 ad
885 1746 1067 1791 iudicem
1111 1761 1318 1800 reversu8‚
1361 1746 1564 1790 iustitiam
1608 1745 1685 1789 sibi
1717 1745 1769 1789 de
1813 1743 2062 1789 adversariis

431 1816 524 1860 fieri
569 1817 811 1874 postulavit.
855 1817 994 1872 Quos,
1037 1818 1240 1861 iniustam
1281 1817 1598 1874 impetitionem
1640 1831 1760 1860 suam
1793 1815 2066 1868 confitentes,

431 1887 557 1932 iudex
589 1888 799 1945 praefatus
831 1904 907 1947 per
937 1888 1185 1933 iamdictum
1215 1888 1463 1946 pristaldum
1485 1888 1661 1932 mittens
1690 1887 1968 1931 Waradinum
1988 1887 2061 1930 in-

432 1958 633 2003 iustitiam
666 1975 785 2003 suam
828 1961 1062 2004 conventui
1109 1960 1209 2004 fecit
1251 1959 1488 2016 protestari.
1537 1959 1773 2003 Venientes
1806 1958 1920 2002 enim
1951 1957 2062 2010 Bela,

432 2029 599 2074 Vadasa
621 2042 673 2074 -et
706 2030 892 2087 Vardou,
923 2046 1001 2088 pro
1035 2042 1171 2075 semet
1201 2031 1303 2088 ipsis
1336 2041 1380 2074 et
1409 2045 1488 2087 pro
1521 2028 1838 2073 coadiutoribus
1876 2028 1974 2082 suis,
2016 2040 2063 2071 ut

431 2101 509 2158 ipsi
541 2101 752 2158 dixerunt,
784 2102 970 2146 confessi
1001 2114 1109 2156 sunt,
1142 2101 1489 2159 praenominatos
1519 2100 1800 2158 ioubagiones
1820 2100 1953 2143 Nicus
1973 2114 2062 2143 non

433 2187 524 2216 esse
557 2184 654 2216 tuos
687 2173 900 2226 concives,
931 2172 1008 2216 sed
1039 2173 1193 2216 iniuste
1224 2172 1322 2217 illos
1355 2187 1447 2216 esse
1479 2172 1710 2229 impetitos.

576 2337 587 2358 ¹
614 2338 917 2375 Tasndd-Szzinto.

574 2397 588 2417 2
613 2398 710 2433 Infra
736 2410 788 2434 nr.
814 2398 856 2434 61
888 2399 1106 2446 «Hodnog».

575 2456 588 2476 ⁸
614 2458 728 2503 Supra
755 2470 807 2492 nr.
839 2468 890 2501 10,
918 2458 1012 2493 infra
1040 2470 1093 2493 nr.
1120 2457 1176 2492 61.

575 2516 589 2535 ⁴
615 2516 730 2562 Supra
756 2528 809 2552 nr.
842 2527 892 2562 13.

578 2575 591 2595 ⁵
615 2576 752 2621 Szopor
776 2587 886 2622 pagus
913 2587 932 2610 a
957 2565 1136 2611 Mezo-Or
1162 2576 1342 2611 orientem
1368 2585 1489 2609 versus
1515 2575 1552 2608 in
1580 2585 1675 2609 com.
1702 2572 1827 2607 Kolos.
