2170 3210
1722 137 1783 173 181

783 295 860 341 Nr.
953 332 962 340 .
1049 309 1116 340 01.

281 382 406 428 Roda
437 382 491 428 de
522 380 699 440 praedio
731 380 878 425 Beken
894 293 1091 437 7itsnpgziiit
1119 293 1409 424 {onvillanum
1441 394 1579 432 suum,
1612 377 1788 423 Vrcund

138 455 191 500 de
223 470 306 500 una
338 470 481 499 marca
512 465 556 499 et
588 453 772 507 dimidia,
799 451 937 497 iudice
959 450 1133 496 domina
1154 449 1377 505 Eufemia,¹
1403 449 1609 509 pristaldo
1631 449 1786 495 Toca.2

141 526 332 581 Vrcund,
361 537 534 585 portato
567 525 698 579 ferr0,
729 524 979 570 combustus
1012 535 1089 569 est.

781 668 859 714 Nr.
892 669 962 726 76.
995 666 1142 728 (302.)

280 754 437 799 Micicu
470 753 523 798 de
554 753 651 797 villa
683 754 862 811 Bogus,3
884 767 983 796 cum
1002 751 1163 797 diceret
1191 766 1237 795 se
1256 750 1556 795 fideiussorem
1578 751 1788 796 Rufdonis

135 825 179 870 in
209 826 460 870 venditione
494 825 604 884 equi,
636 825 707 884 qui
739 825 853 869 furto
887 823 1075 868 sublatus
1108 838 1203 867 esse
1235 822 1453 867 dicebatur
1485 822 1650 867 domini
1674 823 1786 868 Ruf-

138 898 277 952 donis,
308 898 449 942 Dursa
480 912 575 942 esse
608 896 714 941 dixit
745 896 1015 950 maleficium,
1046 894 1184 940 iudice
1217 894 1455 953 Compolto
1489 894 1788 940 archidiacono

135 970 190 1015 de
221 970 425 1024 Carazna,
455 969 662 1028 pristaldo
695 969 826 1023 Buda,
858 968 910 1013 de
942 968 1041 1012 villa
1072 968 1227 1026 Bogus,
1260 967 1431 1022 Micicu,
1462 979 1634 1025 portato
1657 967 1786 1024 ferre,

135 1041 390 1086 iustificatus
423 1053 499 1086 est.

778 1150 855 1195 Nr-
891 1165 958 1208 77-
992 1148 1139 1210 (303)

283 1235 435 1279 Petrus
468 1246 511 1278 et
543 1236 657 1278 Bosu
680 1234 733 1279 de
754 1234 874 1288 Alba,
897 1246 944 1278 ut
965 1234 1189 1292 pristaldus
1211 1234 1327 1288 dixit,
1348 1235 1623 1292 impetierunt
1646 1249 1786 1293 quen-

133 1306 231 1352 dam
269 1306 322 1351 de
365 1306 465 1351 villa
509 1307 652 1361 Μοη,4
698 1307 874 1351 nomine
920 1306 1078 1358 Vluen,
1119 1307 1272 1364 viginti
1317 1318 1359 1351 et
1400 1306 1586 1366 quinque
1631 1306 1787 1350 marcis

131 1379 344 1423 violenter
374 1378 535 1433 ablatiS‚
568 1390 612 1423 et
655 1379 779 1437 plaga
822 1378 962 1437 gladii,
1006 1377 1144 1423 iudice
1187 1378 1294 1432 Pris,
1336 1378 1482 1422 curiali
1527 1378 1686 1422 comite
1734 1376 1786 1421 de

132 1453 322 1509 Zounuc,
353 1450 556 1509 pristaldo
588 1451 752 1495 Forcos
785 1450 837 1495 de
866 1450 966 1495 villa
999 1450 1140 1503 Tuka,
1162 1450 1384 1509 Pangracii
1405 1449 1607 1495 serviens.
1631 1450 1784 1494 Petrus

132 1535 177 1568 et
208 1525 324 1568 Bosu
357 1523 604 1567 combustus
638 1535 711 1568 est.

778 1632 857 1677 Nr.
892 1632 960 1689 78.
994 1631 1142 1691 (304.)

271 1716 385 1761 Cum
402 1715 647 1769 Voiouoda,
665 1731 812 1760 comes
831 1715 884 1760 de
905 1715 1104 1769 Doboka,
1119 1715 1386 1773 pervideret5
1400 1716 1636 1760 exercitum
1647 1732 1786 1770 suum,

131 1787 302 1847 quidam
336 1803 389 1831 ex
420 1787 746 1845 ioubagionibus
780 1787 972 1832 eiusdem
1016 1788 1154 1839 castri,
1200 1788 1375 1832 nomine
1420 1788 1621 1845 Hereust,
1665 1789 1786 1832 stetit

130 1861 174 1904 in
206 1859 356 1904 ordine
389 1859 699 1918 ioubagionum
730 1860 997 1911 naturalium,
1034 1860 1106 1919 qui
1137 1859 1314 1904 scilicet:
1340 1859 1621 1918 ioubagiones
1644 1860 1784 1905 Sancti

130 1932 261 1991 Regis
293 1933 527 1989 nuncupari
559 1932 712 1978 solent.
759 1934 886 1977 Tunc
924 1943 1195 1976 accesserunt
1241 1931 1412 1991 quidam
1456 1932 1509 1977 de
1553 1932 1784 1991 ioubagio-

129 2003 252 2048 nibus
283 2003 427 2047 Sancti
461 2004 590 2062 Regis
621 2004 820 2048 videlicet
853 2005 1011 2062 Vanoy
1045 2016 1087 2047 et
1119 2005 1263 2062 Bocya
1309 2016 1351 2049 et
1393 2006 1635 2051 reiecerunt
1664 2004 1784 2049 illum

130 2075 184 2120 de
217 2074 366 2120 ordine
399 2091 478 2119 suo
512 2075 718 2130 dicentes,
751 2076 867 2135 quod
897 2077 987 2134 ipse
1019 2092 1108 2121 non
1139 2088 1254 2121 esset
1286 2076 1338 2121 de
1372 2077 1522 2122 ordine
1563 2089 1606 2121 et
1652 2076 1784 2135 gradu

129 2147 437 2206 ioubagionum
468 2148 612 2191 Sancti
643 2148 789 2207 Regis,
822 2160 865 2192 et
897 2149 1003 2192 haec
1035 2148 1150 2193 idem
1179 2148 1376 2193 dixerunt
1398 2150 1615 2208 Keuerug,
1637 2149 1783 2193 hodu-

128 2219 264 2277 nogio
299 2230 343 2263 et
364 2220 508 2263 Kereu
528 2219 823 2278 roubagiones.
847 2221 1200 2265 Praenominatus
1218 2222 1361 2281 itaque
1385 2238 1532 2267 comes
1555 2222 1784 2266 discutiens

275 2375 286 2395 ¹
312 2375 411 2411 Infra
438 2387 490 2412 nr.
519 2387 576 2422 79,
603 2387 647 2422 97
675 2385 711 2412 et
742 2387 818 2422 174.

273 2435 287 2455 ²
312 2435 411 2471 Infra
437 2437 475 2471 in
502 2447 557 2471 nr.
587 2447 642 2483 79.
670 2437 773 2481 (alias
804 2437 896 2483 305.)
922 2436 1024 2472 Tika.

274 2495 287 2515 ³
312 2495 423 2530 Nunc
448 2495 744 2543 Szilzigy-Bagos.

274 2554 288 2574 ⁴
313 2554 529 2602 Nagy-Mon
555 2557 592 2591 es
619 2556 823 2604 Nyir-Mon
849 2558 885 2591 in
914 2568 1010 2593 com.
1037 2557 1183 2606 Szilzigy
1210 2559 1297 2594 alias
1336 2560 1648 2606 Kozep-Szolnok.
1686 2558 1785 2594 Infra

129 2626 185 2649 nr.
218 2617 295 2649 170.

276 2673 290 2693 ⁵
315 2674 357 2709 In
384 2675 543 2711 editione
571 2676 732 2723 principe
760 2687 933 2713 erronee:
962 2678 1197 2725 praevideret.
