2170 3210
450 168 521 205 272

453 299 636 344 staldum
679 298 853 342 nomine
898 297 1160 354 Symeonem
1201 298 1251 342 de
1296 298 1392 342 villa
1437 297 1519 356 Sag
1537 299 1551 324 ¹
1598 298 1651 342 ad
1693 298 1873 343 candens
1921 299 2077 344 ferrum

455 369 748 422 Waradinum,
780 381 826 413 ut
857 369 991 413 homo
1037 368 1251 427 Obulgani
1295 369 1453 414 ferrum
1492 381 1694 426 portaret.
1737 370 1784 414 In
1827 369 1893 414 die
1936 382 2077 415 autem

453 441 681 485 levationis
725 440 827 484 ferri
864 440 1065 498 praedicti
1095 441 1252 485 Micula
1285 452 1328 485 et
1361 440 1559 485 Crachun
1590 440 1933 499 subterfugerunt
1962 440 2075 487 iudi-

453 512 566 556 cium
598 511 710 565 ferri,
741 511 949 556 dicentes:
984 511 1098 571 quod
1129 527 1218 556 non
1261 512 1518 556 obsisterent
1557 512 1712 571 absque
1754 512 2076 570 ioubagionibus

449 585 578 628 castri
609 583 860 636 absentibus,
893 598 988 627 cum
1021 583 1167 642 quibus
1200 598 1368 627 causam
1399 583 1651 628 levaverant.

1072 738 1148 782 Nr.
1183 751 1278 794 315.
1311 736 1455 797 (366.)

596 821 707 866 Cum
730 831 841 864 esset
872 820 1058 864 edictum
1090 836 1112 863 a
1144 836 1246 878 rege
1269 820 1452 873 Andrea,
1473 820 1587 879 quod
1609 833 1842 866 castrenses
1865 820 2076 879 dispersos

451 892 581 936 castri
612 891 920 949 recolligerent,
943 891 1239 936 Bichorienses
1261 907 1358 935 curn
1377 891 1698 950 ioubagionibus
1721 907 1871 937 eorum
1892 892 2076 937 scilicet:

452 964 582 1017 Luca,
613 962 758 1018 Paulo,
794 963 883 1006 Fita
916 974 958 1007 et
990 963 1077 1006 aliis
1108 963 1385 1020 impetierunt
1418 963 1624 1023 quosdam
1651 963 1946 1021 inseparabiles
1977 964 2076 1008 iou-

454 1034 657 1092 bagiones
690 1034 891 1078 ecclesiae
922 1033 1047 1078 Tdan
1080 1033 1185 1093 (sic)
1220 1034 1400 1078 scilicet:
1435 1033 1611 1088 Bellum,
1642 1034 1716 1078 Fib
1747 1046 1790 1079 et
1822 1035 1998 1093 Boguan
2025 1034 2076 1078 de

452 1105 551 1149 villa
573 1105 729 1163 Apathi
750 1105 962 1149 dicentes:
991 1104 1105 1163 quod
1138 1105 1250 1149 cives
1272 1116 1413 1149 essent
1433 1106 1738 1150 Bichorienses.
1759 1105 1898 1150 Abbas
1936 1117 2077 1150 autem

454 1176 505 1220 de
551 1176 789 1234 supradicta
822 1176 996 1220 ecclesia
1028 1187 1070 1220 et
1101 1176 1229 1231 Wilc,
1260 1187 1463 1233 patronus
1501 1177 1702 1221 ecclesiae
1747 1177 1948 1230 eiusdem,
1981 1192 2077 1222 cum

452 1248 598 1301 Petro,
630 1259 814 1306 cognato
835 1248 947 1303 Vilc,
967 1247 1175 1302 dixerunt,
1208 1248 1324 1307 quod
1353 1247 1628 1306 ioubagiones
1661 1260 1799 1296 essent
1829 1249 2077 1294 monasterii

454 1318 691 1363 Tordensis
710 1320 725 1345 ²
756 1319 1069 1376 inseparabiles,
1093 1319 1219 1373 Quos
1242 1319 1476 1376 Tiburtius,
1500 1320 1638 1377 Gyula
1661 1331 1704 1364 et
1722 1320 1864 1365 Helias
1887 1321 2079 1374 comites,

452 1390 706 1434 auctoritate
757 1390 869 1447 regis
918 1390 1162 1434 huiusmodi
1219 1405 1364 1434 causas
1421 1390 1661 1449 judicantes,
1711 1405 1893 1449 posuere
1951 1406 2077 1450 super

450 1462 739 1505 iuramentum
770 1462 997 1505 memorati
1028 1461 1183 1505 abbatis
1217 1473 1261 1506 et
1291 1462 1494 1519 praedicti
1524 1463 1692 1520 patroni
1724 1478 1820 1507 cum
1861 1463 2075 1520 praedicto

447 1543 637 1589 cognato
671 1547 761 1576 suo.
793 1532 883 1586 Qui
912 1533 1133 1576 venientes
1166 1548 1310 1577 coram
1341 1532 1541 1590 pristaldo
1575 1548 1727 1577 eorum
1756 1534 2002 1587 Dominico,
2024 1534 2076 1578 de

451 1619 611 1661 genere
643 1603 770 1657 Rusd,
803 1605 1044 1661 juraverunt
1076 1619 1202 1662 super
1235 1604 1505 1662 sepulchrum
1536 1605 1666 1648 sancti
1697 1604 1878 1649 Ladislai
1899 1605 2010 1664 regis
2033 1617 2076 1650 et

451 1674 510 1718 sic
541 1674 842 1732 probaverunt,
873 1675 985 1733 quod
1032 1686 1175 1719 essent
1217 1675 1496 1733 ioubagiones
1538 1676 1848 1733 praenominati
1891 1675 1943 1720 de
1987 1678 2075 1734 jure

446 1745 653 1790 ecclesiae
685 1745 936 1803 praedictae.

1069 1853 1145 1900 Nr.
1213 1854 1274 1898 16.
1362 1857 1385 1898 6
1420 1891 1427 1899 .

593 1937 746 1990 Koeta,
778 1936 829 1980 de
861 1937 956 1981 villa
988 1868 1234 1982 Chokokzi³
1266 1853 1511 1982 etsscguina
1543 1937 1594 1982 de
1616 1937 1714 1981 villa
1735 1938 1940 1996 Umany⁴=
1962 1938 2074 1982 cives

446 2005 503 2050 de
536 2007 710 2061 Bursud,
743 2007 1089 2065 coadjuvantibus
1134 2008 1328 2053 eiusdem
1371 2010 1493 2053 castri
1537 2010 1872 2068 ioubagionibuS,
1915 2009 2074 2053 scilicet

450 2077 605 2131 Zadur,·
621 2079 764 2132 Petro,
785 2079 910 2123 Dedo
933 2090 975 2123 et
998 2079 1085 2123 aliis
1107 2080 1382 2137 impetierunt
1403 2081 1607 2139 quosdam
1630 2080 1682 2125 de
1702 2081 1799 2124 villa
1819 2080 2042 2125 Mochulas
2057 2081 2073 2107 ⁵

449 2148 632 2193 scilicet:
665 2149 786 2203 Chiz,
816 2151 1003 2204 Petrum,
1034 2151 1268 2195 Dumasam
1310 2163 1353 2195 et
1395 2152 1498 2196 item
1542 2151 1593 2196 de
1638 2152 1732 2195 villa
1774 2152 1878 2210 Pelg
1921 2152 2072 2197 Cikam

446 2230 495 2262 et
538 2219 645 2273 item
689 2220 740 2264 de
784 2220 882 2264 villa
925 2221 1104 2266 Tornua
1147 2223 1322 2266 Nonam
1368 2234 1411 2266 et
1463 2222 1698 2276 Belcheam,
1748 2223 1842 2276 hos,
1889 2223 2072 2282 inquam,

594 2363 606 2384 ¹
632 2364 746 2411 Supra
772 2376 824 2399 nr.
855 2375 932 2410 313.

594 2423 607 2443 ²
635 2423 756 2459 Torda
781 2435 891 2470 pagus
916 2425 953 2459 in
980 2436 1075 2460 com.
1102 2424 1219 2467 Bihar,
1248 2424 1339 2460 olim
1365 2425 1403 2459 in
1429 2435 1524 2459 com.
1551 2423 1717 2459 Szabolcs
1742 2431 1802 2459 aut
1827 2423 1949 2459 Torda
1974 2435 2073 2470 prae-

445 2482 553 2517 dium
578 2494 690 2529 prope
715 2483 931 2529 Szeghalom
956 2485 994 2518 in
1020 2494 1115 2519 com.
1142 2484 1267 2518 Bekes.

593 2541 606 2561 ³
632 2541 773 2576 Csokva
800 2543 838 2577 in
864 2553 957 2577 com.
984 2542 1132 2578 Borsod.

592 2600 606 2620 ⁴
633 2592 784 2647 Omdny
809 2602 847 2636 in
872 2602 1054 2636 vicinitate
1078 2603 1205 2647 prioris
1232 2601 1421 2637 meridiem
1447 2609 1481 2636 et
1507 2600 1735 2636 occidentem
1761 2612 1891 2636 versus.

594 2659 607 2679 ⁵
631 2659 738 2695 Nunc
763 2660 968 2707 Mocsolyas
994 2659 1181 2706 praedium
1207 2671 1316 2706 penes
1341 2660 1561 2705 Jairdanhaiza
1578 2659 1740 2694 similiter
1758 2660 1795 2694 in
1814 2670 1908 2695 com.
1923 2660 2070 2696 Borsod.
