2170 3210
219 300 324 336 ram
387 300 566 336 eorum
634 281 842 334 nomine
909 280 1164 349 Bursorog
1230 279 1481 334 violenter
1547 284 1787 350 occupas-

156 422 159 428 s
217 383 310 434 set,
356 370 440 425 Ille
490 382 658 424 autem
707 367 956 439 respondit
1006 368 1163 423 eande‘
1211 380 1393 424 terram
1441 368 1584 422 titulo
1636 387 1785 439 emp-

217 460 368 514 tionis
423 458 701 530 poffediffe‚
758 458 924 511 dicens
986 459 1123 526 quod
1187 457 1386 527 quidam
1448 457 1569 511 liber
1593 485 1596 488 ·
1622 459 1784 512 homo

217 550 430 604 nomine
485 548 729 601 Kelemen
784 546 916 600 filius
972 547 1129 616 Wgni
1183 565 1295 599 eam
1351 547 1441 600 fibi
1501 547 1786 602 vendidisset

218 640 325 703 Qui
374 656 491 691 cum
541 636 786 690 adductus
838 649 950 689 ante
999 636 1215 688 iudicem
1269 636 1482 689 eandem
1518 648 1697 691 terram
1741 637 1785 690 ei

217 727 279 783 d‘e
338 726 550 780 Nicolao
611 725 982 779 Archidiacono
1044 724 1092 778 se
1153 725 1423 779 vendidisse
1490 744 1596 779 non
1656 744 1785 796 nega

215 830 303 879 ret,
350 816 440 870 sed
493 833 604 869 eam
661 814 1005 881 hereditariam
1067 814 1153 868 fibi
1215 817 1445 870 astrueret
1508 818 1785 872 constanter

215 905 366 960 iuffus
420 907 490 960 est
542 923 569 957 a
624 902 833 973 praefato
891 904 1054 956 iudice
1112 903 1298 956 ferrum
1349 904 1563 957 candens
1614 917 1784 959 contra

215 1006 526 1063 memoratos
595 993 838 1048 Castreses
905 992 1157 1047 Waradini
1224 1006 1433 1063 portare,
1503 995 1627 1058 Quo
1690 1012 1784 1063 por

215 1095 322 1138 tato
358 1082 641 1138 iuffificatus
679 1084 760 1137 est.

322 1171 603 1241 Stephanus
642 1171 703 1223 de
741 1169 851 1223 villa
889 1170 1080 1240 Thepa,
1120 1171 1250 1240 cepit
1300 1170 1497 1224 seruum
1541 1174 1682 1233 suum
1732 1170 1784 1223 su

214 1261 426 1331 gitiuum
487 1260 701 1313 nomine
757 1258 1054 1322 Morodeku‚
1111 1259 1242 1329 apud
1295 1259 1508 1314 Bensam
1564 1260 1626 1313 de
1687 1259 1783 1311 vil-

214 1348 260 1402 la
307 1349 458 1412 Tura,
509 1349 592 1418 qui
641 1349 800 1402 Bensa
850 1349 1097 1418 respondit
1150 1350 1367 1403 eundem
1417 1348 1623 1411 seruum·
1664 1349 1784 1402 fuis-

215 1437 264 1492 se
313 1437 498 1493 sororis
549 1438 646 1492 suae
695 1455 913 1504 nouerce
962 1438 1109 1507 ipfius
1159 1438 1411 1508 Stephani,
1463 1457 1634 1491 coram
1683 1439 1784 1492 arbi

215 1527 320 1589 tris,
361 1525 409 1580 .s.
449 1527 720 1580 Dominico
761 1527 954 1579 comite
992 1528 1042 1580 &
1084 1526 1246 1589 Belus,
1298 1527 1397 1580 Sed
1448 1545 1563 1580 cum
1614 1541 1784 1581 neutra

215 1633 326 1687 pars
386 1613 632 1669 sufficiens
694 1616 1039 1671 testimonium
1101 1616 1259 1685 posset
1322 1615 1580 1679 adducere,
1642 1618 1785 1671 nomi

216 1706 321 1759 nati
374 1705 572 1757 Iudices
627 1722 714 1774 per
770 1703 1052 1773 pristaldum
1114 1706 1327 1758 nomine
1388 1705 1663 1771 Albertum‚
1724 1706 1784 1759 ad

217 1811 426 1847 examen
489 1792 600 1846 ferri
669 1793 923 1846 candentis
992 1794 1230 1848 miserunt
1298 1795 1639 1857 Waradinum,
1702 1796 1785 1849 vbi

215 1882 323 1935 talis
376 1883 501 1935 inter
555 1900 644 1935 eos
699 1881 827 1936 fasta
886 1885 953 1937 est
1003 1884 1292 1948 conuentiO,
1343 1885 1505 1949 Quod
1556 1884 1784 1954 praefatus

217 1971 502 2041 Stephanus
556 1970 764 2041 praefato
815 1970 970 2024 Bensa
1021 1972 1154 2025 daret
1202 1973 1379 2042 viginti
1430 1975 1480 2028 &
1529 1974 1631 2027 duo
1680 1993 1785 2044 pon

218 2060 348 2123 deta,
395 2059 551 2114 Bensa
599 2077 722 2113 vero
772 2061 821 2113 &
876 2059 1074 2113 seruum
1129 2060 1398 2131 fugitiuum
1448 2063 1687 2126 redderet,
1737 2066 1786 2118 δι

218 2148 371 2203 nichil
426 2149 487 2201 de
543 2149 844 2218 cognatione
901 2149 1022 2202 serui
1078 2149 1202 2203 illius
1258 2170 1286 2204 a
1336 2151 1594 2222 Stephano
1646 2154 1784 2222 requi

219 2250 366 2291 reret.

326 2328 529 2382 Marcha
568 2329 628 2382 de
666 2327 808 2395 Scylij
847 2328 1069 2397 impecijt
1118 2329 1321 2382 Dedum
1372 2330 1433 2382 de
1483 2330 1590 2383 villa
1641 2331 1784 2383 The-

221 2434 297 2485 pa‚
357 2434 448 2486 pro
511 2417 805 2472 clandestina
866 2417 1179 2471 traductione
1242 2419 1463 2472 duorum
1527 2419 1785 2476 seruorum

221 2505 366 2574 ipfius
420 2505 695 2560 valentium
751 2507 833 2561 sex
889 2524 1088 2571 marcaS,
1146 2526 1316 2561 coram
1372 2509 1629 2578 Stephano
1693 2527 1787 2563 co-

223 2593 343 2647 mite
381 2593 442 2646 de
479 2595 720 2649 Zobolch.
767 2595 873 2659 Qui
925 2594 1191 2650 discuciens
1243 2615 1331 2650 eos
1382 2598 1509 2651 misit
1558 2599 1618 2649 ad
1668 2616 1787 2650 exa-

1238 2686 1291 2737 M
