2170 3210
416 159 460 204 96

416 312 459 344 et
474 314 619 343 comes
632 298 827 342 Albensis
839 299 887 355 (F
890 299 1004 358 ejer),
1018 299 1177 358 aliquot
1191 299 1523 345 hebdomadibus
1536 302 1662 358 prius,
1673 318 1720 347 ac
1734 318 1815 360 7-a
1837 302 1925 347 dies
1936 290 2040 347 Maii

415 371 547 424 affuit,
580 371 719 414 amisit
750 370 859 414 hanc
891 369 1152 428 dignitatern.
1173 371 1294 415 Circa
1314 371 1502 416 medium
1522 374 1620 417 anni
1637 373 1850 419 honorem
1872 375 2040 420 comitis

415 441 580 486 curialis
611 443 725 500 regis
761 443 918 487 iterum
964 442 1158 498 obtinuit,
1190 458 1280 487 non
1319 454 1461 487 tamen
1503 445 1670 489 comitis
1715 445 1923 500 Albensis,
1965 445 2042 491 sed

414 513 721 571 Bodrogiensis
754 529 906 557 munus
928 513 1026 558 huic
1054 513 1296 558 adiunctum
1319 515 1536 569 sustinuit;
1557 527 1761 560 autumno
1784 517 1882 561 anni
1901 517 2042 561 solum

416 586 620 629 comitem
668 585 788 630 Novi
838 585 980 630 Castri
1029 585 1195 644 (Heves
1247 597 1288 630 et
1336 586 1606 645 Aba-Ujvar)
1656 588 1756 645 egit,
1802 600 1843 632 at
1893 604 2040 633 mense

414 656 672 700 Novembris
705 667 776 699 aut
808 656 861 700 ad
881 672 1096 700 summum
1112 657 1237 701 initio
1258 673 1313 703 m.
1333 658 1584 702 Decembris
1617 659 1745 702 etiam
1762 659 1847 704 hoc
1865 675 2041 704 munere

414 727 600 784 privatus
632 738 708 772 est.

557 799 635 843 His
685 798 808 842 rebus
846 800 1045 857 pensatis,
1089 799 1214 844 fascis
1258 811 1351 844 test.
1396 815 1457 845 nr.
1514 814 1748 860 323-—344
1790 801 1842 845 ad
1885 817 2042 847 annum

421 883 531 913 1222
564 869 835 914 collocandus
868 882 967 916 erat.

557 941 726 985 Etenim
758 942 792 985 si
824 941 1071 986 fasciculum
1102 943 1287 999 primurn
1319 954 1411 988 test.
1443 958 1504 988 nr.
1541 945 1771 1002 323—326
1807 943 1888 1004 (=
1927 959 1948 1003 3
1959 958 2042 1002 5—

418 1011 495 1070 38)
525 1014 822 1070 percurrimus,
860 1014 1003 1057 statim
1045 1015 1091 1058 in
1134 1014 1267 1058 altero
1311 1014 1436 1059 huius
1482 1014 1668 1059 fasciculi
1712 1026 1807 1061 test.
1849 1030 1912 1059 nr.
1960 1029 2044 1074 324

417 1083 519 1142 (36)
553 1084 811 1128 offendimus
849 1086 964 1129 Bank
1009 1096 1050 1129 et
1094 1085 1266 1144 quidem
1311 1086 1428 1130 velut
1475 1088 1680 1131 comitem
1726 1086 1805 1131 «de
1852 1086 2041 1131 Budrus»

415 1155 499 1199 Sub
530 1157 707 1200 nomine
755 1156 970 1201 «Budrus»
1005 1168 1076 1201 aut
1107 1173 1131 1201 a
1162 1157 1296 1202 scriba
1342 1169 1412 1202 aut
1458 1173 1480 1201 a
1526 1158 1795 1216 typographo
1841 1169 2043 1215 corrupto

413 1226 524 1270 aliud
569 1227 749 1284 intelligi
781 1227 893 1271 haud
924 1228 1026 1287 quit,
1057 1244 1104 1272 ac
1128 1228 1352 1286 «Budrug»
1376 1229 1444 1273 vel
1470 1229 1717 1274 «Budruch»
1732 1245 1817 1274 seu
1838 1229 2046 1274 hodierna

415 1297 719 1355 orthographia
751 1299 939 1357 Bodrog,
971 1299 1161 1358 adeoque
1194 1300 1260 1344 hic
1288 1299 1508 1344 fasciculus
1531 1300 1627 1354 alio,
1649 1316 1775 1359 quam
1795 1316 1906 1345 anno
1935 1314 2043 1345 1222

416 1368 540 1412 tribui
582 1371 742 1427 nequit,
789 1371 886 1429 quia
930 1371 1046 1414 Bank
1091 1370 1231 1414 solum
1263 1372 1372 1415 circa
1403 1371 1591 1416 medium
1625 1387 1658 1418 a.
1696 1385 1804 1416 1222
1839 1373 2045 1416 comitem

416 1439 755 1497 Bodrogiensem
787 1443 887 1499 egit.

557 1511 674 1556 Idem
718 1512 917 1556 indicium
959 1514 1074 1556 iuvat
1118 1529 1198 1557 nos
1242 1514 1284 1557 in
1330 1513 1652 1558 determinando
1704 1529 1815 1558 anno
1860 1513 2045 1558 fasciculi

416 1582 588 1627 secundi
620 1595 713 1627 test.
746 1599 807 1629 nr.
843 1597 1010 1642 327—3
1021 1599 1074 1643 30
1106 1585 1185 1645 (=
1209 1585 1479 1644 228—231).
1504 1585 1673 1630 Etenim
1693 1586 1736 1629 in
1756 1596 1849 1630 test.
1875 1600 1935 1630 nr.
1960 1586 2043 1644 328

415 1654 538 1697 huius
570 1654 754 1699 fasciculi
785 1656 937 1699 iterum
971 1657 1178 1714 reperitur
1210 1657 1338 1710 lenk,
1369 1657 1444 1700 sed
1474 1672 1586 1700 nunc
1617 1657 1660 1700 in
1692 1656 1878 1701 editione
1921 1657 2042 1714 prin-

419 1727 509 1782 cipe
554 1742 586 1770 a.
636 1741 684 1784 15
694 1741 759 1784 50.
806 1742 959 1771 munus
1008 1728 1096 1772 eius
1145 1728 1438 1772 secundarium
1483 1743 1626 1772 errore
1660 1740 1731 1772 aut
1764 1727 1923 1772 scribae
1973 1738 2044 1771 aut

418 1798 506 1854 typi
557 1813 728 1842 «comes
776 1798 827 1842 de
872 1800 1009 1856 Burg»
1054 1800 1313 1856 exprimitur.
1360 1801 1553 1853 Munera,
1603 1814 1708 1858 quae
1754 1799 1870 1843 Bank
1913 1801 2044 1843 susti-

417 1869 520 1920 nuit,
553 1884 576 1912 e
609 1868 876 1913 documentis
897 1870 1081 1927 perbene
1104 1871 1334 1921 noscimus,
1364 1871 1519 1914 horum
1558 1885 1664 1914 vero
1706 1869 1847 1914 solum
1885 1884 2045 1913 nornen

425 1940 648 1983 comitatus
673 1939 987 1998 Bodrogiensis,
1008 1941 1076 1985 illa
1109 1953 1245 1985 aetate
1264 1943 1551 1985 communiter
1586 1940 1806 1998 «Budrug»
1843 1953 2044 1998 scriptum

419 2013 584 2054 nomini
616 2010 796 2055 distorto
834 2013 998 2068 «Burg»
1035 2014 1269 2070 comparari
1299 2024 1442 2070 potest
1474 2012 1595 2071 (nam
1631 2012 1806 2056 nomina
1838 2012 2045 2063 Albensis,

418 2082 715 2137 Novi-Castri,
734 2083 870 2135 Bibas,
892 2085 1013 2128 Keve
1036 2096 1156 2128 tanto
1180 2084 1379 2128 dissimila
1400 2095 1508 2135 sunt,
1524 2095 1570 2127 ut
1587 2083 1742 2127 horum
1773 2082 1969 2127 distortio
2000 2083 2043 2126 in

419 2153 603 2197 formam
638 2143 801 2212 «Burg»
838 2170 890 2199 ne
924 2155 1095 2214 quidem
1126 2156 1346 2213 imaginari
1378 2154 1555 2214 potest).
1588 2154 1631 2197 Si
1654 2169 1770 2207 vero,
1802 2153 1969 2212 quando
1992 2153 2043 2196 lis

418 2226 462 2268 in
494 2235 588 2268 test.
612 2222 680 2268 nr.
717 2228 798 2282 328
833 2227 1047 2284 agebatur,
1066 2227 1183 2270 Bank
1206 2226 1453 2270 secundario
1473 2241 1648 2269 munere
1681 2226 1852 2269 comitis
1871 2225 2042 2268 Bodro-

419 2296 574 2353 giensis
606 2296 833 2350 fruebatur,
864 2297 1108 2341 fasciculum
1140 2298 1252 2341 hunc
1283 2310 1397 2341 certe
1420 2312 1530 2340 anno
1558 2309 1667 2339 1222
1692 2296 1874 2340 tribuere
1906 2310 2042 2353 opor-

420 2378 481 2410 tet
511 2394 569 2398 —
601 2367 732 2410 Recte
764 2367 849 2411 hoc
881 2369 1173 2412 testimonium
1206 2369 1333 2412 etiam
1364 2379 1510 2411 notam
1542 2367 1624 2410 diei
1655 2378 1698 2410 et
1725 2368 1882 2411 mensis
1905 2366 2043 2420 habet,

420 2437 530 2481 unde
576 2449 743 2495 tempus
787 2438 869 2483 litis
914 2441 1097 2496 agitatae
1145 2451 1187 2483 et
1233 2439 1515 2496 inscriptionis
1561 2439 1735 2495 propius
1782 2452 2042 2496 cognoscere

419 2509 528 2552 licet.
561 2509 835 2553 sacramento
870 2511 985 2554 enim
1018 2510 1204 2554 decisivo
1226 2509 1477 2567 praestando
1500 2509 1726 2552 Dominica
1752 2509 1927 2552 «Factus
1949 2519 2038 2552 est»

419 2581 574 2624 indicta
606 2596 628 2623 a
659 2579 793 2624 iudice
827 2592 901 2626 est.
941 2582 1058 2625 Haec
1101 2581 1327 2625 Dominica
1370 2580 1603 2624 secundum
1645 2580 1902 2623 mutationes
1947 2579 2042 2622 festi

419 2651 633 2697 Paschatis
648 2652 787 2695 solum
807 2651 896 2696 dies
918 2668 941 2696 a
962 2666 1071 2708 24-a
1092 2653 1196 2696 Maii
1218 2666 1350 2710 usque
1371 2665 1525 2708 27-am
1547 2651 1653 2694 Iunii
1675 2665 1879 2708 occupare
1901 2660 2043 2707 potest
