<?xml version="1.0" encoding="UTF-8"?>
<!DOCTYPE html PUBLIC "-//W3C//DTD XHTML 1.0 Transitional//EN"
    "http://www.w3.org/TR/xhtml1/DTD/xhtml1-transitional.dtd">
<html xmlns="http://www.w3.org/1999/xhtml" xml:lang="en" lang="en">
 <head>
  <title>
</title>
<meta http-equiv="Content-Type" content="text/html;charset=utf-8" />
  <meta name='ocr-system' content='tesseract 3.04.00' />
  <meta name='ocr-capabilities' content='ocr_page ocr_carea ocr_par ocr_line ocrx_word'/>
</head>
<body>
  <div class='ocr_page' id='page_1' title='image "./regestrumvaradin00nagyuoft_0382.png"; bbox 0 0 2170 3210; ppageno 0'>
   <div class='ocr_carea' id='block_1_1' title="bbox 438 197 507 231">
    <p class='ocr_par' dir='ltr' id='par_1_1' title="bbox 438 197 507 231">
     <span class='ocr_line' id='line_1_1' title="bbox 438 197 507 231; baseline 0 0"><span class='ocrx_word' id='word_1_1' title='bbox 438 197 507 231; x_wconf 74' lang='lat'>206</span> 
     </span>
    </p>
   </div>
   <div class='ocr_carea' id='block_1_2' title="bbox 437 335 2070 1380">
    <p class='ocr_par' dir='ltr' id='par_1_2' title="bbox 437 335 2070 1380">
     <span class='ocr_line' id='line_1_2' title="bbox 439 335 2067 395; baseline -0.002 -12"><span class='ocrx_word' id='word_1_2' title='bbox 439 352 621 383; x_wconf 87' lang='lat' dir='ltr'><strong>examen</strong></span> <span class='ocrx_word' id='word_1_3' title='bbox 654 337 754 381; x_wconf 90' lang='lat' dir='ltr'>ferri</span> <span class='ocrx_word' id='word_1_4' title='bbox 786 335 1001 381; x_wconf 89' lang='lat' dir='ltr'>candentis</span> <span class='ocrx_word' id='word_1_5' title='bbox 1033 335 1325 390; x_wconf 88' lang='lat' dir='ltr'>Waradinum,</span> <span class='ocrx_word' id='word_1_6' title='bbox 1358 335 1427 379; x_wconf 87' lang='lat' dir='ltr'>ubi</span> <span class='ocrx_word' id='word_1_7' title='bbox 1459 335 1600 380; x_wconf 86' lang='lat' dir='ltr'>taliter</span> <span class='ocrx_word' id='word_1_8' title='bbox 1622 347 1929 390; x_wconf 88' lang='lat' dir='ltr'>conuenerunt,</span> <span class='ocrx_word' id='word_1_9' title='bbox 1950 335 2067 395; x_wconf 91' lang='lat' dir='ltr'>quod</span> 
     </span>
     <span class='ocr_line' id='line_1_3' title="bbox 437 405 2068 466; baseline -0.002 -12"><span class='ocrx_word' id='word_1_10' title='bbox 437 411 653 466; x_wconf 89' lang='lat' dir='ltr'>Johannes</span> <span class='ocrx_word' id='word_1_11' title='bbox 685 420 729 452; x_wconf 91' lang='lat' dir='ltr'>et</span> <span class='ocrx_word' id='word_1_12' title='bbox 761 407 1055 452; x_wconf 91' lang='lat' dir='ltr'>Bichorienses</span> <span class='ocrx_word' id='word_1_13' title='bbox 1087 406 1140 451; x_wconf 91' lang='lat' dir='ltr'>de</span> <span class='ocrx_word' id='word_1_14' title='bbox 1172 407 1334 451; x_wconf 90' lang='lat' dir='ltr'>Boiano</span> <span class='ocrx_word' id='word_1_15' title='bbox 1366 405 1587 465; x_wconf 87' lang='lat' dir='ltr'>aequalem</span> <span class='ocrx_word' id='word_1_16' title='bbox 1624 406 1828 450; x_wconf 86' lang='lat' dir='ltr'>haberent</span> <span class='ocrx_word' id='word_1_17' title='bbox 1867 406 2068 465; x_wconf 85' lang='lat' dir='ltr'>proprie-</span> 
     </span>
     <span class='ocr_line' id='line_1_4' title="bbox 439 477 2070 535; baseline -0.002 -10"><span class='ocrx_word' id='word_1_18' title='bbox 439 493 572 525; x_wconf 88' lang='lat' dir='ltr'>tatem</span> <span class='ocrx_word' id='word_1_19' title='bbox 605 491 647 524; x_wconf 88' lang='lat' dir='ltr'>et</span> <span class='ocrx_word' id='word_1_20' title='bbox 680 479 946 524; x_wconf 89' lang='lat' dir='ltr'>consortium</span> <span class='ocrx_word' id='word_1_21' title='bbox 983 477 1179 535; x_wconf 84' lang='lat' dir='ltr'>generale</span> <span class='ocrx_word' id='word_1_22' title='bbox 1223 478 1276 522; x_wconf 90' lang='lat' dir='ltr'>de</span> <span class='ocrx_word' id='word_1_23' title='bbox 1320 477 1587 533; x_wconf 87' lang='lat' dir='ltr'>arundineto,</span> <span class='ocrx_word' id='word_1_24' title='bbox 1629 478 1672 521; x_wconf 91' lang='lat' dir='ltr'>in</span> <span class='ocrx_word' id='word_1_25' title='bbox 1716 477 1984 522; x_wconf 86' lang='lat' dir='ltr'>arundinibus</span> <span class='ocrx_word' id='word_1_26' title='bbox 2026 489 2070 522; x_wconf 89' lang='lat' dir='ltr'>et</span> 
     </span>
     <span class='ocr_line' id='line_1_5' title="bbox 438 547 2067 609; baseline -0.001 -14"><span class='ocrx_word' id='word_1_27' title='bbox 438 551 545 596; x_wconf 88' lang='lat' dir='ltr'>locis</span> <span class='ocrx_word' id='word_1_28' title='bbox 588 551 871 609; x_wconf 86' lang='lat' dir='ltr'>piscationum</span> <span class='ocrx_word' id='word_1_29' title='bbox 918 565 1016 594; x_wconf 89' lang='lat' dir='ltr'>cum</span> <span class='ocrx_word' id='word_1_30' title='bbox 1059 548 1153 593; x_wconf 90' lang='lat' dir='ltr'>filiis</span> <span class='ocrx_word' id='word_1_31' title='bbox 1197 548 1399 592; x_wconf 91' lang='lat' dir='ltr'>Buctonis</span> <span class='ocrx_word' id='word_1_32' title='bbox 1443 547 1494 592; x_wconf 91' lang='lat' dir='ltr'>de</span> <span class='ocrx_word' id='word_1_33' title='bbox 1540 548 1621 593; x_wconf 89' lang='lat' dir='ltr'>alio</span> <span class='ocrx_word' id='word_1_34' title='bbox 1665 548 1840 595; x_wconf 91' lang='lat' dir='ltr'>Boiano.</span> <span class='ocrx_word' id='word_1_35' title='bbox 1884 548 1969 594; x_wconf 91' lang='lat' dir='ltr'>Sed</span> <span class='ocrx_word' id='word_1_36' title='bbox 2011 551 2067 593; x_wconf 92' lang='lat' dir='ltr'>de</span> 
     </span>
     <span class='ocr_line' id='line_1_6' title="bbox 440 619 2067 679; baseline -0.001 -12"><span class='ocrx_word' id='word_1_37' title='bbox 440 623 584 667; x_wconf 93' lang='lat' dir='ltr'>insulis</span> <span class='ocrx_word' id='word_1_38' title='bbox 616 633 780 666; x_wconf 90' lang='lat' dir='ltr'>tantum</span> <span class='ocrx_word' id='word_1_39' title='bbox 812 620 931 673; x_wconf 88' lang='lat' dir='ltr'>duae,</span> <span class='ocrx_word' id='word_1_40' title='bbox 962 620 1147 665; x_wconf 86' lang='lat' dir='ltr'>scilicet:</span> <span class='ocrx_word' id='word_1_41' title='bbox 1179 619 1338 664; x_wconf 87' lang='lat' dir='ltr'>insulae</span> <span class='ocrx_word' id='word_1_42' title='bbox 1371 620 1551 676; x_wconf 87' lang='lat' dir='ltr'>Myskae</span> <span class='ocrx_word' id='word_1_43' title='bbox 1586 630 1628 663; x_wconf 89' lang='lat' dir='ltr'>et</span> <span class='ocrx_word' id='word_1_44' title='bbox 1659 620 1795 674; x_wconf 89' lang='lat' dir='ltr'>Fecel,</span> <span class='ocrx_word' id='word_1_45' title='bbox 1815 635 1921 679; x_wconf 86' lang='lat' dir='ltr'>quae</span> <span class='ocrx_word' id='word_1_46' title='bbox 1942 620 2067 665; x_wconf 88' lang='lat' dir='ltr'>vide-</span> 
     </span>
     <span class='ocr_line' id='line_1_7' title="bbox 438 690 2068 751; baseline -0.001 -13"><span class='ocrx_word' id='word_1_47' title='bbox 438 695 537 738; x_wconf 91' lang='lat' dir='ltr'>licet</span> <span class='ocrx_word' id='word_1_48' title='bbox 567 695 612 738; x_wconf 93' lang='lat' dir='ltr'>in</span> <span class='ocrx_word' id='word_1_49' title='bbox 643 693 836 738; x_wconf 91' lang='lat' dir='ltr'>interiori</span> <span class='ocrx_word' id='word_1_50' title='bbox 867 703 983 751; x_wconf 90' lang='lat' dir='ltr'>parte</span> <span class='ocrx_word' id='word_1_51' title='bbox 1016 703 1112 735; x_wconf 89' lang='lat' dir='ltr'>sunt</span> <span class='ocrx_word' id='word_1_52' title='bbox 1143 691 1392 744; x_wconf 89' lang='lat' dir='ltr'>arundineti,</span> <span class='ocrx_word' id='word_1_53' title='bbox 1422 690 1624 748; x_wconf 86' lang='lat' dir='ltr'>praedicti</span> <span class='ocrx_word' id='word_1_54' title='bbox 1654 691 1826 747; x_wconf 86' lang='lat' dir='ltr'>Joannis</span> <span class='ocrx_word' id='word_1_55' title='bbox 1870 703 1983 736; x_wconf 90' lang='lat' dir='ltr'>esset</span> <span class='ocrx_word' id='word_1_56' title='bbox 2024 703 2068 736; x_wconf 91' lang='lat' dir='ltr'>et</span> 
     </span>
     <span class='ocr_line' id='line_1_8' title="bbox 442 762 2070 820; baseline -0.001 -11"><span class='ocrx_word' id='word_1_57' title='bbox 442 765 798 819; x_wconf 88' lang='lat' dir='ltr'>Bichoriensium;</span> <span class='ocrx_word' id='word_1_58' title='bbox 825 764 928 808; x_wconf 89' lang='lat' dir='ltr'>aliae</span> <span class='ocrx_word' id='word_1_59' title='bbox 960 778 1065 807; x_wconf 86' lang='lat' dir='ltr'>vero</span> <span class='ocrx_word' id='word_1_60' title='bbox 1087 763 1259 816; x_wconf 91' lang='lat' dir='ltr'>insulae,</span> <span class='ocrx_word' id='word_1_61' title='bbox 1278 777 1383 820; x_wconf 88' lang='lat' dir='ltr'>quae</span> <span class='ocrx_word' id='word_1_62' title='bbox 1404 763 1449 806; x_wconf 91' lang='lat' dir='ltr'>in</span> <span class='ocrx_word' id='word_1_63' title='bbox 1471 762 1673 808; x_wconf 88' lang='lat' dir='ltr'>exteriori</span> <span class='ocrx_word' id='word_1_64' title='bbox 1693 773 1810 819; x_wconf 89' lang='lat' dir='ltr'>parte</span> <span class='ocrx_word' id='word_1_65' title='bbox 1833 762 2070 808; x_wconf 89' lang='lat' dir='ltr'>arundineti</span> 
     </span>
     <span class='ocr_line' id='line_1_9' title="bbox 439 832 2062 893; baseline -0.001 -12"><span class='ocrx_word' id='word_1_66' title='bbox 439 848 548 893; x_wconf 78' lang='lat' dir='ltr'>sunt,</span> <span class='ocrx_word' id='word_1_67' title='bbox 579 836 674 881; x_wconf 91' lang='lat' dir='ltr'>filiis</span> <span class='ocrx_word' id='word_1_68' title='bbox 706 835 907 881; x_wconf 88' lang='lat' dir='ltr'>Buctonis</span> <span class='ocrx_word' id='word_1_69' title='bbox 939 835 1178 879; x_wconf 87' lang='lat' dir='ltr'>attinerent.</span> <span class='ocrx_word' id='word_1_70' title='bbox 1210 834 1258 877; x_wconf 92' lang='lat' dir='ltr'>In</span> <span class='ocrx_word' id='word_1_71' title='bbox 1301 832 1618 890; x_wconf 89' lang='lat' dir='ltr'>permittendisl</span> <span class='ocrx_word' id='word_1_72' title='bbox 1663 844 1806 877; x_wconf 86' lang='lat' dir='ltr'>autem</span> <span class='ocrx_word' id='word_1_73' title='bbox 1851 835 2062 879; x_wconf 88' lang='lat' dir='ltr'>extraneis</span> 
     </span>
     <span class='ocr_line' id='line_1_10' title="bbox 439 904 2067 966; baseline -0.002 -13"><span class='ocrx_word' id='word_1_74' title='bbox 439 907 493 953; x_wconf 85' lang='lat' dir='ltr'>ad</span> <span class='ocrx_word' id='word_1_75' title='bbox 523 907 844 966; x_wconf 90' lang='lat' dir='ltr'>percipiendum</span> <span class='ocrx_word' id='word_1_76' title='bbox 875 906 1056 965; x_wconf 90' lang='lat' dir='ltr'>aliquem</span> <span class='ocrx_word' id='word_1_77' title='bbox 1088 921 1213 949; x_wconf 90' lang='lat' dir='ltr'>usum</span> <span class='ocrx_word' id='word_1_78' title='bbox 1244 904 1297 948; x_wconf 92' lang='lat' dir='ltr'>de</span> <span class='ocrx_word' id='word_1_79' title='bbox 1329 904 1580 948; x_wconf 88' lang='lat' dir='ltr'>arundineto</span> <span class='ocrx_word' id='word_1_80' title='bbox 1625 905 1686 948; x_wconf 90' lang='lat' dir='ltr'>sic</span> <span class='ocrx_word' id='word_1_81' title='bbox 1730 919 1959 949; x_wconf 92' lang='lat' dir='ltr'>commune</span> <span class='ocrx_word' id='word_1_82' title='bbox 2002 905 2067 949; x_wconf 89' lang='lat' dir='ltr'>ius</span> 
     </span>
     <span class='ocr_line' id='line_1_11' title="bbox 441 975 2066 1038; baseline -0.001 -15"><span class='ocrx_word' id='word_1_83' title='bbox 441 992 485 1023; x_wconf 91' lang='lat' dir='ltr'>et</span> <span class='ocrx_word' id='word_1_84' title='bbox 516 978 688 1038; x_wconf 87' lang='lat' dir='ltr'>aequale</span> <span class='ocrx_word' id='word_1_85' title='bbox 720 978 938 1031; x_wconf 89' lang='lat' dir='ltr'>haberent,</span> <span class='ocrx_word' id='word_1_86' title='bbox 968 989 1015 1021; x_wconf 92' lang='lat' dir='ltr'>ut</span> <span class='ocrx_word' id='word_1_87' title='bbox 1045 987 1196 1021; x_wconf 85' lang='lat' dir='ltr'>neutra</span> <span class='ocrx_word' id='word_1_88' title='bbox 1231 976 1539 1033; x_wconf 86' lang='lat' dir='ltr'>praedictarum</span> <span class='ocrx_word' id='word_1_89' title='bbox 1583 975 1777 1020; x_wconf 87' lang='lat' dir='ltr'>villarum</span> <span class='ocrx_word' id='word_1_90' title='bbox 1818 976 1972 1034; x_wconf 78' lang='lat' dir='ltr'>plureS,</span> <span class='ocrx_word' id='word_1_91' title='bbox 2015 975 2066 1021; x_wconf 91' lang='lat' dir='ltr'>de</span> 
     </span>
     <span class='ocr_line' id='line_1_12' title="bbox 437 1046 2066 1106; baseline -0.002 -12"><span class='ocrx_word' id='word_1_92' title='bbox 437 1050 528 1095; x_wconf 89' lang='lat' dir='ltr'>aliis</span> <span class='ocrx_word' id='word_1_93' title='bbox 559 1051 678 1104; x_wconf 83' lang='lat' dir='ltr'>villis,</span> <span class='ocrx_word' id='word_1_94' title='bbox 709 1054 797 1094; x_wconf 90' lang='lat' dir='ltr'>sine</span> <span class='ocrx_word' id='word_1_95' title='bbox 830 1064 1039 1094; x_wconf 91' lang='lat' dir='ltr'>consensu</span> <span class='ocrx_word' id='word_1_96' title='bbox 1071 1049 1268 1106; x_wconf 82' lang='lat' dir='ltr'>reliquae,</span> <span class='ocrx_word' id='word_1_97' title='bbox 1299 1047 1350 1092; x_wconf 88' lang='lat' dir='ltr'>ad</span> <span class='ocrx_word' id='word_1_98' title='bbox 1381 1047 1636 1092; x_wconf 86' lang='lat' dir='ltr'>sumendum</span> <span class='ocrx_word' id='word_1_99' title='bbox 1667 1046 1822 1106; x_wconf 82' lang='lat' dir='ltr'>aliquid</span> <span class='ocrx_word' id='word_1_100' title='bbox 1852 1047 1905 1091; x_wconf 92' lang='lat' dir='ltr'>de</span> <span class='ocrx_word' id='word_1_101' title='bbox 1935 1063 2066 1092; x_wconf 88' lang='lat' dir='ltr'>arun-</span> 
     </span>
     <span class='ocr_line' id='line_1_13' title="bbox 439 1117 2068 1179; baseline -0.002 -13"><span class='ocrx_word' id='word_1_102' title='bbox 439 1122 586 1166; x_wconf 93' lang='lat' dir='ltr'>dineto</span> <span class='ocrx_word' id='word_1_103' title='bbox 617 1120 889 1179; x_wconf 89' lang='lat' dir='ltr'>permittendi</span> <span class='ocrx_word' id='word_1_104' title='bbox 922 1120 983 1164; x_wconf 88' lang='lat' dir='ltr'>fas</span> <span class='ocrx_word' id='word_1_105' title='bbox 1020 1120 1206 1164; x_wconf 90' lang='lat' dir='ltr'>haberet.</span> <span class='ocrx_word' id='word_1_106' title='bbox 1252 1119 1317 1163; x_wconf 92' lang='lat' dir='ltr'>De</span> <span class='ocrx_word' id='word_1_107' title='bbox 1361 1119 1485 1162; x_wconf 75' lang='lat' dir='ltr'>villa2</span> <span class='ocrx_word' id='word_1_108' title='bbox 1526 1129 1670 1162; x_wconf 91' lang='lat' dir='ltr'>autem</span> <span class='ocrx_word' id='word_1_109' title='bbox 1713 1118 1806 1162; x_wconf 87' lang='lat' dir='ltr'>talis</span> <span class='ocrx_word' id='word_1_110' title='bbox 1849 1117 1960 1163; x_wconf 89' lang='lat' dir='ltr'>facta</span> <span class='ocrx_word' id='word_1_111' title='bbox 2003 1130 2068 1163; x_wconf 91' lang='lat' dir='ltr'>est</span> 
     </span>
     <span class='ocr_line' id='line_1_14' title="bbox 438 1189 2068 1252; baseline -0.002 -15"><span class='ocrx_word' id='word_1_112' title='bbox 438 1194 710 1251; x_wconf 89' lang='lat' dir='ltr'>compositio,</span> <span class='ocrx_word' id='word_1_113' title='bbox 742 1192 855 1252; x_wconf 92' lang='lat' dir='ltr'>quod</span> <span class='ocrx_word' id='word_1_114' title='bbox 886 1206 1160 1251; x_wconf 89' lang='lat' dir='ltr'>quaecunque</span> <span class='ocrx_word' id='word_1_115' title='bbox 1180 1191 1247 1234; x_wconf 86' lang='lat' dir='ltr'>via</span> <span class='ocrx_word' id='word_1_116' title='bbox 1270 1189 1590 1234; x_wconf 72' lang='lat' dir='ltr'>arundinetum-⁰³</span> <span class='ocrx_word' id='word_1_117' title='bbox 1613 1201 1727 1234; x_wconf 91' lang='lat' dir='ltr'>esset</span> <span class='ocrx_word' id='word_1_118' title='bbox 1747 1189 1932 1234; x_wconf 90' lang='lat' dir='ltr'>filiorum</span> <span class='ocrx_word' id='word_1_119' title='bbox 1954 1189 2068 1234; x_wconf 88' lang='lat' dir='ltr'>Buc—</span> 
     </span>
     <span class='ocr_line' id='line_1_15' title="bbox 438 1260 2066 1321; baseline -0.003 -12"><span class='ocrx_word' id='word_1_120' title='bbox 438 1266 566 1318; x_wconf 84' lang='lat' dir='ltr'>tonis,</span> <span class='ocrx_word' id='word_1_121' title='bbox 598 1264 737 1309; x_wconf 90' lang='lat' dir='ltr'>eidem</span> <span class='ocrx_word' id='word_1_122' title='bbox 767 1264 944 1321; x_wconf 78' lang='lat' dir='ltr'>Joanni4</span> <span class='ocrx_word' id='word_1_123' title='bbox 975 1277 1145 1321; x_wconf 91' lang='lat' dir='ltr'>quoque</span> <span class='ocrx_word' id='word_1_124' title='bbox 1178 1276 1221 1306; x_wconf 90' lang='lat' dir='ltr'>et</span> <span class='ocrx_word' id='word_1_125' title='bbox 1254 1261 1499 1305; x_wconf 89' lang='lat' dir='ltr'>conuillanis</span> <span class='ocrx_word' id='word_1_126' title='bbox 1533 1261 1621 1305; x_wconf 86' lang='lat' dir='ltr'>eius</span> <span class='ocrx_word' id='word_1_127' title='bbox 1651 1260 1955 1305; x_wconf 84' lang='lat' dir='ltr'>Bichoriensis⁶</span> <span class='ocrx_word' id='word_1_128' title='bbox 1977 1261 2066 1305; x_wconf 92' lang='lat' dir='ltr'>sine</span> 
     </span>
     <span class='ocr_line' id='line_1_16' title="bbox 443 1335 1035 1380; baseline -0.003 0"><span class='ocrx_word' id='word_1_129' title='bbox 443 1335 777 1380; x_wconf 87' lang='lat' dir='ltr'>contradictione</span> <span class='ocrx_word' id='word_1_130' title='bbox 809 1345 1035 1379; x_wconf 90' lang='lat' dir='ltr'>teneretur.</span> 
     </span>
    </p>
   </div>
   <div class='ocr_carea' id='block_1_3' title="bbox 438 1464 2070 1893">
    <p class='ocr_par' dir='ltr' id='par_1_3' title="bbox 1064 1464 1446 1523">
     <span class='ocr_line' id='line_1_17' title="bbox 1064 1464 1446 1523; baseline 0 -15"><span class='ocrx_word' id='word_1_131' title='bbox 1064 1466 1136 1509; x_wconf 88' lang='lat' dir='ltr'>Nr.</span> <span class='ocrx_word' id='word_1_132' title='bbox 1175 1479 1267 1523; x_wconf 90' lang='lat'>149.</span> <span class='ocrx_word' id='word_1_133' title='bbox 1302 1464 1446 1523; x_wconf 84' lang='lat'>(292.)</span> 
     </span>
    </p>

    <p class='ocr_par' dir='ltr' id='par_1_4' title="bbox 438 1545 2070 1893">
     <span class='ocr_line' id='line_1_18' title="bbox 581 1545 2070 1605; baseline -0.003 -13"><span class='ocrx_word' id='word_1_134' title='bbox 581 1549 728 1593; x_wconf 91' lang='lat' dir='ltr'>Varou</span> <span class='ocrx_word' id='word_1_135' title='bbox 761 1548 813 1593; x_wconf 93' lang='lat' dir='ltr'>de</span> <span class='ocrx_word' id='word_1_136' title='bbox 846 1548 943 1592; x_wconf 90' lang='lat' dir='ltr'>villa</span> <span class='ocrx_word' id='word_1_137' title='bbox 976 1547 1092 1592; x_wconf 75' lang='lat' dir='ltr'>Bud⁶</span> <span class='ocrx_word' id='word_1_138' title='bbox 1123 1547 1306 1605; x_wconf 90' lang='lat' dir='ltr'>impetiit</span> <span class='ocrx_word' id='word_1_139' title='bbox 1339 1546 1622 1590; x_wconf 89' lang='lat' dir='ltr'>convillanum</span> <span class='ocrx_word' id='word_1_140' title='bbox 1653 1560 1792 1600; x_wconf 90' lang='lat' dir='ltr'>suum,</span> <span class='ocrx_word' id='word_1_141' title='bbox 1814 1545 2070 1603; x_wconf 85' lang='lat' dir='ltr'>Emericum,</span> 
     </span>
     <span class='ocr_line' id='line_1_19' title="bbox 439 1616 2069 1678; baseline -0.003 -14"><span class='ocrx_word' id='word_1_142' title='bbox 439 1635 519 1678; x_wconf 92' lang='lat' dir='ltr'>pro</span> <span class='ocrx_word' id='word_1_143' title='bbox 550 1635 634 1664; x_wconf 90' lang='lat' dir='ltr'>una</span> <span class='ocrx_word' id='word_1_144' title='bbox 664 1635 806 1665; x_wconf 86' lang='lat' dir='ltr'>marca</span> <span class='ocrx_word' id='word_1_145' title='bbox 839 1631 881 1663; x_wconf 92' lang='lat' dir='ltr'>et</span> <span class='ocrx_word' id='word_1_146' title='bbox 912 1619 1098 1674; x_wconf 83' lang='lat' dir='ltr'>dimidia,</span> <span class='ocrx_word' id='word_1_147' title='bbox 1130 1618 1265 1662; x_wconf 91' lang='lat' dir='ltr'>iudice</span> <span class='ocrx_word' id='word_1_148' title='bbox 1297 1617 1564 1670; x_wconf 89' lang='lat' dir='ltr'>Leustachio,</span> <span class='ocrx_word' id='word_1_149' title='bbox 1596 1616 1771 1660; x_wconf 89' lang='lat' dir='ltr'>domino</span> <span class='ocrx_word' id='word_1_150' title='bbox 1794 1630 1957 1670; x_wconf 88' lang='lat' dir='ltr'>eorum,</span> <span class='ocrx_word' id='word_1_151' title='bbox 1977 1616 2069 1674; x_wconf 91' lang='lat' dir='ltr'>pri-</span> 
     </span>
     <span class='ocr_line' id='line_1_20' title="bbox 439 1686 2068 1746; baseline -0.004 -10"><span class='ocrx_word' id='word_1_152' title='bbox 439 1691 578 1736; x_wconf 90' lang='lat' dir='ltr'>staldo</span> <span class='ocrx_word' id='word_1_153' title='bbox 610 1691 832 1737; x_wconf 71' lang='lat' dir='ltr'>Michaele.</span> <span class='ocrx_word' id='word_1_154' title='bbox 863 1690 1082 1734; x_wconf 87' lang='lat' dir='ltr'>Waradini</span> <span class='ocrx_word' id='word_1_155' title='bbox 1112 1690 1251 1734; x_wconf 89' lang='lat' dir='ltr'>taliter</span> <span class='ocrx_word' id='word_1_156' title='bbox 1282 1699 1588 1743; x_wconf 88' lang='lat' dir='ltr'>conuenerunt,</span> <span class='ocrx_word' id='word_1_157' title='bbox 1620 1686 1736 1746; x_wconf 93' lang='lat' dir='ltr'>quod</span> <span class='ocrx_word' id='word_1_158' title='bbox 1766 1686 1912 1730; x_wconf 88' lang='lat' dir='ltr'>Varou</span> <span class='ocrx_word' id='word_1_159' title='bbox 1944 1686 2068 1730; x_wconf 86' lang='lat' dir='ltr'>satis·-</span> 
     </span>
     <span class='ocr_line' id='line_1_21' title="bbox 438 1757 2070 1817; baseline -0.003 -11"><span class='ocrx_word' id='word_1_160' title='bbox 438 1762 599 1807; x_wconf 85' lang='lat' dir='ltr'>faceret</span> <span class='ocrx_word' id='word_1_161' title='bbox 630 1762 768 1816; x_wconf 90' lang='lat' dir='ltr'>iudici,</span> <span class='ocrx_word' id='word_1_162' title='bbox 791 1762 1009 1807; x_wconf 88' lang='lat' dir='ltr'>Emericus</span> <span class='ocrx_word' id='word_1_163' title='bbox 1028 1776 1133 1805; x_wconf 91' lang='lat' dir='ltr'>vero</span> <span class='ocrx_word' id='word_1_164' title='bbox 1152 1772 1368 1805; x_wconf 89' lang='lat' dir='ltr'>teneretur</span> <span class='ocrx_word' id='word_1_165' title='bbox 1387 1759 1603 1817; x_wconf 86' lang='lat' dir='ltr'>pristaldo,</span> <span class='ocrx_word' id='word_1_166' title='bbox 1624 1770 1667 1802; x_wconf 93' lang='lat' dir='ltr'>et</span> <span class='ocrx_word' id='word_1_167' title='bbox 1689 1757 1806 1802; x_wconf 89' lang='lat' dir='ltr'>daret</span> <span class='ocrx_word' id='word_1_168' title='bbox 1827 1757 2070 1802; x_wconf 88' lang='lat' dir='ltr'>aduersario</span> 
     </span>
     <span class='ocr_line' id='line_1_22' title="bbox 439 1832 1020 1893; baseline -0.002 -16"><span class='ocrx_word' id='word_1_169' title='bbox 439 1849 519 1878; x_wconf 89' lang='lat' dir='ltr'>suo</span> <span class='ocrx_word' id='word_1_170' title='bbox 553 1833 791 1893; x_wconf 91' lang='lat' dir='ltr'>quindecim</span> <span class='ocrx_word' id='word_1_171' title='bbox 822 1832 1020 1891; x_wconf 88' lang='lat' dir='ltr'>pondera.</span> 
     </span>
    </p>
   </div>
   <div class='ocr_carea' id='block_1_4' title="bbox 583 1962 2067 2105">
    <p class='ocr_par' dir='ltr' id='par_1_5' title="bbox 583 1962 2067 2105">
     <span class='ocr_line' id='line_1_23' title="bbox 1068 1962 1441 2020; baseline -0.003 -14"><span class='ocrx_word' id='word_1_172' title='bbox 1068 1963 1144 2007; x_wconf 91' lang='lat' dir='ltr'>Nr.</span> <span class='ocrx_word' id='word_1_173' title='bbox 1183 1976 1276 2020; x_wconf 79' lang='lat'>150.</span> <span class='ocrx_word' id='word_1_174' title='bbox 1309 1962 1441 2020; x_wconf 85' lang='lat'><strong>(293.)</strong></span> 
     </span>
     <span class='ocr_line' id='line_1_24' title="bbox 583 2041 2067 2105; baseline -0.005 -13"><span class='ocrx_word' id='word_1_175' title='bbox 583 2047 792 2096; x_wconf 82' lang='lat' dir='ltr'>Barabas⁷</span> <span class='ocrx_word' id='word_1_176' title='bbox 823 2047 1005 2105; x_wconf 89' lang='lat' dir='ltr'>impetiit</span> <span class='ocrx_word' id='word_1_177' title='bbox 1035 2046 1340 2104; x_wconf 90' lang='lat' dir='ltr'>ioubagionem</span> <span class='ocrx_word' id='word_1_178' title='bbox 1370 2046 1493 2103; x_wconf 83' lang='lat' dir='ltr'>Agya</span> <span class='ocrx_word' id='word_1_179' title='bbox 1524 2044 1710 2098; x_wconf 83' lang='lat' dir='ltr'>comitis,</span> <span class='ocrx_word' id='word_1_180' title='bbox 1737 2044 1912 2087; x_wconf 91' lang='lat' dir='ltr'>nomine</span> <span class='ocrx_word' id='word_1_181' title='bbox 1936 2041 2067 2086; x_wconf 91' lang='lat' dir='ltr'>Tho—</span> 
     </span>
    </p>
   </div>
   <div class='ocr_carea' id='block_1_5' title="bbox 440 2112 2067 2247">
    <p class='ocr_par' dir='ltr' id='par_1_6' title="bbox 440 2112 2067 2247">
     <span class='ocr_line' id='line_1_25' title="bbox 440 2112 2067 2177; baseline -0.004 -14"><span class='ocrx_word' id='word_1_182' title='bbox 440 2135 570 2173; x_wconf 90' lang='lat' dir='ltr'>mam,</span> <span class='ocrx_word' id='word_1_183' title='bbox 601 2118 758 2173; x_wconf 82' lang='lat' dir='ltr'>dicens,</span> <span class='ocrx_word' id='word_1_184' title='bbox 792 2117 908 2177; x_wconf 92' lang='lat' dir='ltr'>quod</span> <span class='ocrx_word' id='word_1_185' title='bbox 939 2117 1073 2161; x_wconf 89' lang='lat' dir='ltr'>filium</span> <span class='ocrx_word' id='word_1_186' title='bbox 1105 2132 1240 2170; x_wconf 91' lang='lat' dir='ltr'>suum,</span> <span class='ocrx_word' id='word_1_187' title='bbox 1271 2117 1446 2161; x_wconf 91' lang='lat' dir='ltr'>nomine</span> <span class='ocrx_word' id='word_1_188' title='bbox 1479 2114 1576 2168; x_wconf 88' lang='lat' dir='ltr'>Sub,</span> <span class='ocrx_word' id='word_1_189' title='bbox 1608 2115 1680 2172; x_wconf 85' lang='lat' dir='ltr'>qui</span> <span class='ocrx_word' id='word_1_190' title='bbox 1712 2113 1789 2157; x_wconf 89' lang='lat' dir='ltr'>fuit</span> <span class='ocrx_word' id='word_1_191' title='bbox 1821 2112 1930 2171; x_wconf 92' lang='lat' dir='ltr'>apud</span> <span class='ocrx_word' id='word_1_192' title='bbox 1961 2113 2067 2156; x_wconf 87' lang='lat' dir='ltr'>Bar-</span> 
     </span>
     <span class='ocr_line' id='line_1_26' title="bbox 442 2183 2066 2247; baseline -0.005 -12"><span class='ocrx_word' id='word_1_193' title='bbox 442 2190 587 2235; x_wconf 88' lang='lat' dir='ltr'>rabam</span> <span class='ocrx_word' id='word_1_194' title='bbox 616 2190 659 2233; x_wconf 93' lang='lat' dir='ltr'>in</span> <span class='ocrx_word' id='word_1_195' title='bbox 693 2189 897 2233; x_wconf 85' lang='lat' dir='ltr'>servitute</span> <span class='ocrx_word' id='word_1_196' title='bbox 927 2204 1006 2247; x_wconf 90' lang='lat' dir='ltr'>pro</span> <span class='ocrx_word' id='word_1_197' title='bbox 1037 2189 1228 2246; x_wconf 87' lang='lat' dir='ltr'>pecunia,</span> <span class='ocrx_word' id='word_1_198' title='bbox 1258 2188 1347 2245; x_wconf 87' lang='lat' dir='ltr'>ipse</span> <span class='ocrx_word' id='word_1_199' title='bbox 1378 2186 1572 2231; x_wconf 87' lang='lat' dir='ltr'>Thomas</span> <span class='ocrx_word' id='word_1_200' title='bbox 1603 2185 1750 2229; x_wconf 90' lang='lat' dir='ltr'>furtim</span> <span class='ocrx_word' id='word_1_201' title='bbox 1769 2184 1917 2243; x_wconf 88' lang='lat' dir='ltr'>fugere</span> <span class='ocrx_word' id='word_1_202' title='bbox 1939 2183 1989 2227; x_wconf 93' lang='lat' dir='ltr'>ab</span> <span class='ocrx_word' id='word_1_203' title='bbox 2010 2198 2066 2227; x_wconf 91' lang='lat' dir='ltr'>eo</span> 
     </span>
    </p>
   </div>
   <div class='ocr_carea' id='block_1_6' title="bbox 582 2341 1627 2746">
    <p class='ocr_par' dir='ltr' id='par_1_7' title="bbox 584 2341 1539 2390">
     <span class='ocr_line' id='line_1_27' title="bbox 584 2341 1539 2390; baseline -0.006 -10"><span class='ocrx_word' id='word_1_204' title='bbox 584 2345 596 2366; x_wconf 88' lang='lat'>¹</span> <span class='ocrx_word' id='word_1_205' title='bbox 624 2344 665 2379; x_wconf 92' lang='lat' dir='ltr'>In</span> <span class='ocrx_word' id='word_1_206' title='bbox 692 2344 850 2380; x_wconf 89' lang='lat' dir='ltr'>editione</span> <span class='ocrx_word' id='word_1_207' title='bbox 875 2343 1037 2390; x_wconf 86' lang='lat' dir='ltr'>principe</span> <span class='ocrx_word' id='word_1_208' title='bbox 1063 2353 1234 2378; x_wconf 88' lang='lat' dir='ltr'>erronee:</span> <span class='ocrx_word' id='word_1_209' title='bbox 1261 2341 1539 2388; x_wconf 80' lang='lat' dir='ltr'>praemittendis.</span> 
     </span>
    </p>

    <p class='ocr_par' dir='ltr' id='par_1_8' title="bbox 585 2403 991 2439">
     <span class='ocr_line' id='line_1_28' title="bbox 585 2403 991 2439; baseline -0.002 0"><span class='ocrx_word' id='word_1_210' title='bbox 585 2403 599 2424; x_wconf 84' lang='lat'><strong>¹</strong></span> <span class='ocrx_word' id='word_1_211' title='bbox 627 2403 719 2439; x_wconf 81' lang='lat' dir='ltr'>Fors</span> <span class='ocrx_word' id='word_1_212' title='bbox 744 2404 896 2438; x_wconf 87' lang='lat' dir='ltr'>rectius:</span> <span class='ocrx_word' id='word_1_213' title='bbox 922 2404 991 2438; x_wconf 80' lang='lat' dir='ltr'>via.</span> 
     </span>
    </p>

    <p class='ocr_par' dir='ltr' id='par_1_9' title="bbox 584 2462 1112 2509">
     <span class='ocr_line' id='line_1_29' title="bbox 584 2462 1112 2509; baseline -0.004 -11"><span class='ocrx_word' id='word_1_214' title='bbox 584 2463 598 2484; x_wconf 78' lang='lat'><em>²</em></span> <span class='ocrx_word' id='word_1_215' title='bbox 624 2462 735 2498; x_wconf 86' lang='lat' dir='ltr'>Fors:</span> <span class='ocrx_word' id='word_1_216' title='bbox 762 2473 825 2509; x_wconf 91' lang='lat' dir='ltr'>per</span> <span class='ocrx_word' id='word_1_217' title='bbox 849 2462 1112 2497; x_wconf 88' lang='lat' dir='ltr'>arundinetum.</span> 
     </span>
    </p>

    <p class='ocr_par' dir='ltr' id='par_1_10' title="bbox 582 2518 1417 2568">
     <span class='ocr_line' id='line_1_30' title="bbox 582 2518 1417 2568; baseline -0.005 -11"><span class='ocrx_word' id='word_1_218' title='bbox 582 2521 598 2542; x_wconf 74' lang='lat'><strong>⁴</strong></span> <span class='ocrx_word' id='word_1_219' title='bbox 622 2522 664 2557; x_wconf 90' lang='lat' dir='ltr'>ln</span> <span class='ocrx_word' id='word_1_220' title='bbox 691 2522 848 2557; x_wconf 90' lang='lat' dir='ltr'>editione</span> <span class='ocrx_word' id='word_1_221' title='bbox 874 2521 1034 2568; x_wconf 88' lang='lat' dir='ltr'>principe</span> <span class='ocrx_word' id='word_1_222' title='bbox 1060 2531 1232 2556; x_wconf 87' lang='lat' dir='ltr'>erronee:</span> <span class='ocrx_word' id='word_1_223' title='bbox 1257 2518 1417 2565; x_wconf 89' lang='lat' dir='ltr'>Joannis.</span> 
     </span>
    </p>

    <p class='ocr_par' dir='ltr' id='par_1_11' title="bbox 585 2576 1576 2616">
     <span class='ocr_line' id='line_1_31' title="bbox 585 2576 1576 2616; baseline -0.006 0"><span class='ocrx_word' id='word_1_224' title='bbox 585 2582 599 2602; x_wconf 79' lang='lat'>⁵</span> <span class='ocrx_word' id='word_1_225' title='bbox 624 2581 736 2616; x_wconf 86' lang='lat' dir='ltr'>Fors:</span> <span class='ocrx_word' id='word_1_226' title='bbox 764 2591 909 2616; x_wconf 90' lang='lat' dir='ltr'>necnon</span> <span class='ocrx_word' id='word_1_227' title='bbox 936 2580 1171 2615; x_wconf 84' lang='lat' dir='ltr'>castrensibus</span> <span class='ocrx_word' id='word_1_228' title='bbox 1197 2579 1299 2614; x_wconf 84' lang='lat' dir='ltr'>castri</span> <span class='ocrx_word' id='word_1_229' title='bbox 1324 2576 1576 2613; x_wconf 89' lang='lat' dir='ltr'>Bichoriensis.</span> 
     </span>
    </p>

    <p class='ocr_par' dir='ltr' id='par_1_12' title="bbox 582 2635 1627 2746">
     <span class='ocr_line' id='line_1_32' title="bbox 582 2635 1627 2687; baseline -0.007 -11"><span class='ocrx_word' id='word_1_230' title='bbox 582 2640 596 2661; x_wconf 56' lang='grc' dir='ltr'><strong>ὃ</strong></span> <span class='ocrx_word' id='word_1_231' title='bbox 621 2640 710 2684; x_wconf 84' lang='lat' dir='ltr'>Bod,</span> <span class='ocrx_word' id='word_1_232' title='bbox 735 2650 846 2687; x_wconf 86' lang='lat' dir='ltr'>pagus</span> <span class='ocrx_word' id='word_1_233' title='bbox 872 2640 1066 2674; x_wconf 87' lang='lat' dir='ltr'>comitatus</span> <span class='ocrx_word' id='word_1_234' title='bbox 1091 2639 1209 2674; x_wconf 89' lang='lat' dir='ltr'>Heves</span> <span class='ocrx_word' id='word_1_235' title='bbox 1234 2638 1330 2673; x_wconf 85' lang='lat' dir='ltr'>iuxta</span> <span class='ocrx_word' id='word_1_236' title='bbox 1354 2637 1472 2671; x_wconf 86' lang='lat' dir='ltr'>rivum</span> <span class='ocrx_word' id='word_1_237' title='bbox 1497 2635 1627 2670; x_wconf 82' lang='lat' dir='ltr'>Tarna.</span> 
     </span>
     <span class='ocr_line' id='line_1_33' title="bbox 584 2697 1266 2746; baseline -0.004 -12"><span class='ocrx_word' id='word_1_238' title='bbox 584 2699 597 2722; x_wconf 82' lang='lat'><strong><em>⁷</em></strong></span> <span class='ocrx_word' id='word_1_239' title='bbox 625 2699 670 2736; x_wconf 93' lang='lat' dir='ltr'>V.</span> <span class='ocrx_word' id='word_1_240' title='bbox 698 2710 802 2746; x_wconf 89' lang='lat' dir='ltr'>supra</span> <span class='ocrx_word' id='word_1_241' title='bbox 828 2710 880 2734; x_wconf 87' lang='lat' dir='ltr'>nr.</span> <span class='ocrx_word' id='word_1_242' title='bbox 908 2698 963 2742; x_wconf 83' lang='grc'>84.</span> <span class='ocrx_word' id='word_1_243' title='bbox 990 2697 1082 2733; x_wconf 89' lang='lat' dir='ltr'>infra</span> <span class='ocrx_word' id='word_1_244' title='bbox 1108 2709 1160 2732; x_wconf 89' lang='lat' dir='ltr'>nr.</span> <span class='ocrx_word' id='word_1_245' title='bbox 1192 2707 1266 2742; x_wconf 91' lang='lat'>152.</span> 
     </span>
    </p>
   </div>
  </div>
 </body>
</html>
