2170 3210
451 123 520 170 296

451 267 742 319 Waradinum,
790 266 871 319 ubi,
919 282 1016 310 curn
1064 267 1200 310 iurare
1246 267 1424 311 fuissent
1468 268 1612 324 parati,
1656 281 1908 326 procurator
1951 269 2079 324 Petri,

451 338 622 381 nomine
656 337 816 391 Hubec,
847 338 1052 381 iustitiam
1084 337 1423 382 adversariorum
1456 338 1617 383 domini
1648 341 1714 383 sui
1751 355 2077 398 recognoscens,

452 424 540 452 non
574 409 780 467 adjuravit
812 424 901 463 eos,
934 409 1150 453 dimittens
1184 410 1243 453 eis
1265 420 1434 463 terram,
1458 425 1584 469 quam
1605 410 1800 454 dominus
1820 412 1910 455 eius
1929 412 2080 456 Petrus

450 495 527 537 pro
562 481 752 538 emptitia
785 491 903 537 parte
936 481 1193 539 requisierat.
1226 481 1441 525 Convenit
1475 482 1602 525 etiam
1642 482 1711 526 ille
1755 482 1906 527 Hubuc
1949 483 2079 528 iudici

452 551 692 596 satisfacere
724 553 770 596 in
802 563 909 605 toto,
940 552 1141 609 pristaldo
1174 567 1278 596 vero
1312 553 1353 595 in
1387 563 1515 609 parte.
1549 553 1774 598 Praeterea
1817 554 2080 612 supradictus

450 623 600 666 Petrus
633 623 852 681 requisivit
886 622 987 666 duas
1018 622 1150 675 villas,
1181 623 1340 667 scilicet
1374 623 1569 667 Gurbuc1
1594 636 1636 668 et
1656 625 1844 670 Fekethe
1865 640 1944 684 pro
1968 637 2079 670 terra

450 693 618 737 Nicolai
665 709 717 737 ex
761 693 991 737 donatione
1033 694 1146 751 regis
1189 696 1298 751 patri
1340 710 1419 738 suo
1463 694 1604 739 Endus
1649 696 1811 750 collata,
1854 697 1933 750 cui,
1976 697 2078 741 dum

452 765 762 821 praenominati
794 776 976 823 quatuor
1008 765 1204 808 homines
1237 766 1576 810 contradicerent
1608 778 1858 821 asserentes,
1895 783 1964 812 eas
2001 768 2079 826 ipsi

450 835 631 879 Nicolao
665 851 762 880 cum
794 836 892 893 ipsis
926 851 1017 880 esse
1050 836 1350 880 haereditarias
1384 848 1425 881 et
1458 837 1544 881 hoc
1577 839 1826 882 testimonio
1847 838 2079 883 multorum

451 906 665 951 bonorum
696 907 920 951 hominum
953 908 1310 965 comprobassent,
1337 908 1573 965 praedictus
1595 909 1721 953 iudex
1739 924 1814 967 per
1835 910 2080 954 iamdictum

450 978 698 1035 pristaldum
729 979 843 1022 misit
875 994 951 1022 eos
984 978 1260 1022 Waradinum
1293 979 1344 1022 ad
1376 995 1555 1024 examen
1599 980 1699 1024 ferri
1743 981 1970 1036 candentis,
2007 980 2079 1026 ubi

451 1048 586 1092 homo
618 1050 824 1106 ipsorum,
857 1060 1028 1107 portato
1060 1049 1188 1103 ferro,
1219 1050 1463 1094 iustificatus
1497 1062 1572 1094 est.

1073 1190 1150 1237 Nr-
1190 1192 1283 1248 369·
1315 1190 1461 1250 (358)

591 1273 699 1330 Mog
732 1272 782 1316 de
821 1273 917 1317 villa
960 1273 1108 1317 Ροεῑεῑ2
1152 1289 1249 1318 cum
1293 1274 1380 1318 aliis
1424 1274 1747 1332 ioubagionibus
1794 1276 1917 1319 castri
1964 1276 2079 1332 Clus‚

451 1343 608 1387 scilicet
641 1343 794 1397 Erdeu,
825 1345 1013 1402 principe
1037 1346 1259 1399 exercitus,
1283 1345 1508 1399 Chicolou,
1530 1345 1754 1404 Tenqneu,
1775 1346 1918 1390 Pouca
1935 1348 2077 1392 archi—

448 1428 670 1470 praecone,
703 1415 983 1472 Cheycimam
1015 1428 1057 1460 et
1090 1416 1250 1460 Bulchu
1280 1415 1473 1460 videntes
1506 1416 1557 1460 de
1579 1417 1794 1474 praedicta
1815 1429 1926 1462 terra
1955 1419 2079 1463 castri

447 1497 611 1542 partem
655 1485 707 1529 ad
752 1487 836 1530 duo
882 1499 1018 1531 aratra
1063 1504 1085 1531 a
1129 1487 1376 1546 quibusdam
1421 1488 1565 1531 alienis
1610 1488 1807 1532 videlicet
1851 1489 2078 1544 Gotfredo,

447 1556 653 1610 Farcasio,
687 1558 794 1611 Vilc,
827 1558 1024 1612 Olberto,
1058 1559 1202 1612 Petro,
1238 1559 1409 1602 Andrea
1453 1571 1494 1602 et
1538 1559 1626 1602 Fila
1670 1560 1822 1617 injuste
1868 1561 2077 1618 occupari,

448 1629 684 1671 citaverunt
714 1629 808 1672 illos
842 1642 939 1674 ante
971 1630 1275 1683 Sebastianum,
1295 1630 1498 1674 comitem
1519 1630 1570 1674 de
1594 1630 1708 1683 Clus,
1728 1630 1910 1675 iudicem
1931 1647 1955 1675 a
1975 1646 2077 1690 rege

448 1698 546 1742 Bela
578 1697 831 1757 delegatum,
864 1701 947 1759 qui,
979 1700 1129 1745 auditis
1160 1701 1375 1758 responsis
1421 1701 1638 1759 utriusque
1681 1703 1824 1758 partis,
1865 1717 1941 1759 per
1983 1703 2075 1760 pri-

448 1769 631 1813 staldum
663 1771 836 1815 nomine
869 1772 1042 1826 Forcos,
1073 1772 1206 1816 filium
1238 1772 1391 1816 Choka
1423 1772 1475 1816 de
1508 1772 1606 1816 villa
1638 1772 1828 1826 Seldeu,³
1870 1773 1985 1817 misit
2023 1773 2075 1833 ad

449 1855 629 1883 examen
676 1841 777 1885 ferri
825 1842 1041 1886 candentis
1090 1842 1377 1887 Waradinum.
1421 1843 1506 1886 Ubi
1556 1843 1866 1900 praenominati
1910 1855 2076 1888 actores

449 1911 638 1955 fecerunt
669 1914 827 1969 portari
859 1913 1041 1969 ferrum;
1074 1914 1148 1958 sed
1181 1914 1408 1958 adversarii
1453 1929 1605 1958 eorum
1647 1914 1810 1972 seipsos
1857 1929 2074 1973 recogno-

448 1994 628 2036 scenteS,
660 1984 1016 2043 subterfugerunt,
1059 1985 1314 2042 praedictam
1367 1996 1522 2029 terram
1574 1986 1699 2029 castri
1747 1986 2076 2042 praenominatis

450 2053 675 2115 actoribus,
719 2066 761 2098 et
801 2055 915 2100 idem
960 2068 1125 2100 actores
1158 2068 1451 2100 convenerunt
1482 2056 1723 2101 satisfacere
1754 2056 1880 2100 iudici
1912 2067 1955 2100 et
1986 2056 2076 2113 pri-

448 2124 596 2178 staldo,
625 2137 680 2178 et,
700 2137 746 2169 ut
766 2127 902 2170 exitus
925 2127 1047 2170 huius
1068 2143 1216 2171 causae
1236 2127 1466 2171 indelebilis
1489 2128 1654 2181 existat,
1674 2127 1913 2184 praedictae
1934 2138 2076 2184 partes

450 2206 605 2239 terram
638 2198 884 2254 quaesitam,
915 2199 1038 2242 metis
1071 2199 1379 2255 circumpositis
1425 2198 1617 2242 fecerunt
1659 2198 1865 2255 separari3
1898 2213 2074 2256 quarum

592 2337 603 2358 ¹
631 2338 793 2375 Garbocz
819 2351 930 2386 pagus
957 2342 995 2375 in
1022 2352 1116 2376 com.
1153 2340 1278 2386 Abauj,
1306 2351 1325 2374 a
1362 2340 1471 2386 priori
1510 2339 1604 2374 haud
1642 2339 1779 2386 procul,
1818 2351 1838 2374 a
1876 2340 2076 2386 municipio

451 2397 562 2432 Kassa
587 2399 681 2433 inter
707 2400 885 2435 orientem
911 2407 945 2434 et
971 2400 1160 2435 meridiem
1185 2411 1318 2435 versus.

590 2456 603 2475 ²
629 2458 746 2504 Prope
772 2469 907 2504 pagum
932 2459 1033 2494 Vista
1059 2460 1096 2493 in
1123 2470 1216 2494 corn.
1243 2459 1369 2494 Kolos.

592 2516 605 2535 ³
632 2516 823 2552 Praedium
855 2518 963 2552 Seld6
991 2526 1051 2552 aut
1077 2518 1188 2553 Su1d6
1215 2519 1366 2553 nornine
1386 2517 1529 2552 saeculo
1557 2516 1638 2552 XV.
1665 2528 1698 2551 o.
1725 2517 1763 2550 in
1788 2516 1971 2551 vicinitate
1995 2516 2077 2562 pagi

448 2574 550 2608 Dada
582 2576 618 2609 in
658 2587 751 2611 com.
779 2577 947 2612 Szabolcs
973 2578 1115 2623 exstitit.
1141 2577 1254 2623 Zichy
1280 2588 1327 2613 cs.
1354 2576 1451 2612 okm.
1479 2576 1538 2611 VI.
1571 2586 1647 2622 147.
1685 2576 1881 2621 Sopronm.
1920 2573 2078 2609 oklevel-

449 2635 512 2668 tais.
540 2633 566 2668 I.
594 2633 650 2679 67.
