2170 3210
468 172 536 219 258

1100 313 1176 358 Nr.
1210 326 1309 370 279.
1340 312 1456 373 (28.)

609 396 835 453 Chepanus
867 395 918 440 de
950 395 1047 440 villa
1078 395 1283 454 Bogdan¹
1314 396 1497 453 impetiit
1528 397 1703 440 Petrum
1747 412 1892 442 coram
1935 398 2095 442 comite

466 467 693 513 Olodaro2
725 467 777 511 de
811 469 1014 526 quatuor3
1045 467 1161 526 equis
1194 479 1237 511 et
1269 483 1355 511 uno
1389 467 1506 510 fure4
1537 468 1750 512 violenter
1787 468 1936 514 ablato,
1957 469 2092 512 Prae-

466 539 599 584 dictus
632 539 783 583 Petrus
814 539 930 582 venit
962 538 1237 595 Varadinum,
1269 538 1530 582 adversarius
1563 550 1706 582 autem
1733 554 1822 583 non
1843 539 2093 597 comparuit.

1107 751 1293 797 Annus
1324 752 1453 796 1221.

465 848 736 908 (280—283‚
767 847 1013 904 284—289,
1035 860 1282 905 290—293,
1302 860 1550 904 294—-309,
1576 859 1806 905 310—322
1828 868 1886 882 =
1907 859 2094 904 92—95‚

765 931 982 975 99-104‚
1013 920 1202 976 46-49,
1233 931 1483 974 212—-227,
1520 916 1788 976 361-373·)

1100 1024 1176 1068 Nr.
1209 1025 1305 1068 280.
1338 1023 1453 1084 (92.)

605 1109 802 1167 Penquez
835 1118 878 1151 et
908 1107 1159 1151 Laurentius
1193 1106 1243 1150 de
1273 1107 1367 1150 villa
1398 1106 1530 1150 Soht⁵
1573 1107 1846 1163 impetierunt
1894 1105 2095 1165 quatuor⁶

463 1181 659 1226 homines
692 1179 851 1236 Athileg,
882 1178 1062 1222 scilicet:
1096 1178 1350 1236 Georgium,
1383 1177 1545 1231 Visam,
1577 1178 1754 1235 Vyrsint
1786 1189 1829 1221 et
1858 1177 2011 1222 Milum
2049 1189 2094 1221 et

463 1264 611 1310 postea
642 1266 773 1294 unum
805 1250 1028 1293 hominem
1059 1250 1152 1302 Bes,
1185 1249 1343 1293 scilicet
1374 1249 1550 1292 Petrum
1583 1248 1635 1292 de
1666 1248 1840 1308 praedio
1872 1248 2017 1305 Athile
2039 1248 2091 1292 de

464 1323 591 1377 furto,
621 1321 756 1365 iudice
787 1320 971 1365 Nicolao
1005 1320 1197 1364 Palatino
1231 1320 1405 1373 comite,
1435 1319 1639 1376 pristaldo
1674 1319 1860 1363 Martino
1906 1318 1957 1364 de
1995 1319 2092 1363 villa

463 1396 590 1439 Vera.
623 1393 832 1437 Praedicti
864 1391 989 1445 fures,
1022 1406 1117 1435 cum
1148 1391 1192 1435 in
1224 1391 1290 1435 die
1323 1391 1567 1444 Dominico,
1597 1401 1768 1448 portato
1811 1390 1940 1444 ferro,
1983 1390 2092 1434 solvi

464 1466 675 1521 deberent,
706 1479 814 1508 unus
840 1478 990 1507 eorum
1021 1462 1195 1506 nomine
1218 1461 1432 1519 Georgius
1454 1462 1697 1506 combustus
1720 1473 1798 1515 est,
1819 1476 1968 1506 manus
1986 1476 2091 1505 vero

463 1537 603 1591 trium,
635 1536 804 1588 scilicet,
837 1534 997 1587 Visam,
1028 1533 1190 1577 Virsint
1221 1544 1264 1576 et
1295 1533 1386 1585 Mil,
1420 1533 1554 1577 fracto
1588 1532 1724 1591 sigillo
1758 1532 1953 1590 Capituli,
1985 1532 2094 1576 falso

463 1608 600 1666 sigillo
634 1607 798 1651 fuerant
830 1605 1047 1663 sigillatae.
1079 1604 1168 1658 Qui
1199 1619 1277 1661 pro
1309 1604 1472 1648 iniustis
1504 1603 1634 1648 habiti
1665 1615 1772 1649 sunt.
1806 1604 1956 1648 Petrus
1983 1618 2092 1648 vero

463 1679 541 1734 fur,
572 1689 745 1736 propter
777 1676 1067 1721 infirmitatem
1098 1675 1258 1719 ferrum
1290 1675 1430 1719 levare
1462 1690 1551 1719 non
1582 1675 1732 1732 potuit.

1100 1806 1176 1850 Nr.
1211 1806 1308 1849 281.
1342 1804 1449 1864 (63.)

604 1890 792 1945 Quidam
823 1889 997 1934 nomine
1035 1889 1198 1942 Petrus,
1231 1887 1577 1933 coadiuvantibus
1609 1887 1708 1941 suiS,
1739 1887 1922 1931 scilicet:
1955 1887 2090 1931 Paulo

464 1976 507 2009 et
537 1962 737 2012 Henric0,
784 1960 902 2018 dixit,
943 1977 988 2005 se
1033 1975 1124 2004 esse
1168 1971 1399 2017 cognatum
1445 1959 1579 2003 Marci
1610 1957 1662 2002 de
1705 1958 1803 2002 villa
1833 1958 2016 2013 Marcu,⁷
2045 1958 2090 2001 in

605 2093 620 2114 1'
643 2093 926 2140 Nyir-Bogdainy
951 2093 990 2127 in
1016 2102 1113 2127 com.
1140 2091 1308 2126 Szabolcs
1335 2098 1395 2125 aut
1421 2090 1776 2136 Garbocz·Bogd:iny
1793 2090 1830 2124 in
1849 2099 1941 2124 com.
1960 2089 2091 2135 Abauj,

463 2155 524 2191 sed
551 2164 631 2189 reus
657 2152 701 2187 de
728 2163 822 2197 com.
849 2152 1022 2198 Zemplen
1047 2151 1219 2186 oriundus
1246 2158 1332 2186 erat.

607 2213 619 2233 ²
647 2212 759 2258 Supra
786 2223 839 2247 nr.
865 2210 933 2256 276
960 2218 1105 2256 eratque
1132 2221 1253 2246 comes
1279 2209 1420 2245 curialis
1446 2209 1728 2255 Zempliniensis.

594 2271 618 2292 '³
642 2271 684 2306 In
710 2270 868 2305 editione
893 2271 1076 2316 principe:
1104 2277 1280 2316 quattuor.

604 2331 616 2350 ⁴
644 2330 803 2365 Erronee
829 2340 917 2375 pro:
945 2329 1043 2364 fune.

607 2389 620 2409 ⁵
645 2390 750 2424 Nunc
775 2389 850 2434 Sajt
875 2387 1182 2435 pronuntiandum
1213 2398 1305 2430 esse,
1344 2395 1493 2421 constat.
1531 2386 1619 2431 Sajti
1660 2385 1867 2420 nominatus
1905 2392 1959 2420 est
1995 2384 2087 2419 olim

462 2461 574 2497 pagus
601 2449 792 2484 comitatus
819 2447 1086 2490 Csanzidiensis,
1110 2446 1168 2493 qui
1194 2446 1304 2481 hodie
1330 2446 1478 2492 Sajteny
1503 2454 1662 2488 vocatur,
1688 2452 1723 2485 at
1748 2451 1800 2479 est
1826 2444 1935 2479 etiam
1976 2454 2090 2490 penes

461 2509 607 2545 Tasnad
632 2508 670 2542 in
696 2518 790 2542 com.
817 2506 960 2552 Szilaigy
985 2506 1069 2541 alias
1095 2505 1393 2552 Kozep-Szolnok
1419 2504 1615 2551 praedium,
1641 2504 1730 2550 Sajti
1755 2504 1914 2538 nomine.

605 2566 618 2586 ⁶
642 2567 683 2601 In
709 2566 865 2601 editione
890 2566 1071 2612 principe:
1098 2573 1275 2612 quattuor.

604 2626 616 2648 ⁷
642 2626 746 2661 Nunc
772 2625 958 2670 praedium
982 2625 1109 2659 Marok
1126 2635 1236 2671 penes
1254 2623 1512 2670 Magyar-Boly
1532 2623 1569 2657 in
1587 2623 1760 2657 comitatu
1781 2622 1954 2668 Baranya.
1972 2621 2086 2656 Porro

461 2694 544 2723 sunt
569 2686 681 2720 etiam
707 2685 789 2730 pagi
815 2683 1119 2730 Herczeg-MArok
1145 2691 1180 2718 et
1204 2683 1477 2718 Nemet-Mzirok
1503 2682 1650 2717 ibidem.
