2170 3210
1691 158 1757 195 147

438 285 564 331 Tunc
596 298 844 346 aspergatur
875 287 1037 333 ferrum
1069 304 1176 348 aqua
1206 288 1441 343 benedicta,

708 371 751 404 et
783 359 894 404 dicat
925 360 1173 419 Episcopus,

263 429 514 475 Benedictio
548 431 629 476 Dei
660 432 811 492 Patri3‚
844 443 888 477 et
919 432 1024 486 Filii,
1062 444 1106 477 et
1138 433 1315 491 Spiritus
1348 434 1495 488 sancti,
1539 434 1767 481 descendat

119 515 246 559 super
278 501 363 546 hoc
395 501 556 547 ferrum
590 503 642 548 ad
674 502 1003 549 discernendum
1034 505 1238 550 iudicium
1270 505 1352 551 dei.
1384 506 1539 551 Amen.

372 573 572 633 Sequitur
604 575 846 621 benedictio
880 576 933 621 ad
963 576 1122 631 locum,
1154 577 1225 622 vbi
1255 578 1402 636 ignem
1433 593 1508 623 ac-

576 647 759 693 cendere
792 660 834 693 et
866 664 1118 694 consecrare
1150 649 1316 694 debent.

264 717 450 763 Benedic
480 719 669 765 Domine
701 735 777 778 per
808 721 1131 766 inuocationem
1163 723 1299 768 sancti
1331 723 1517 767 nominis
1549 724 1624 778 tui,
1654 723 1767 769 hunc

119 789 278 844 locum,
322 790 375 835 ad
417 791 775 837 manifestandum
823 809 975 838 verum
1019 793 1234 848 iudicium,
1277 807 1324 839 vt
1368 795 1487 839 omni
1531 795 1767 840 demonum

120 860 304 906 falsitate
335 863 487 920 procul
518 875 700 919 remota,
731 864 926 910 fidelibus
957 866 1054 920 tuis,
1086 866 1243 910 veritas
1276 865 1418 911 iudicii
1451 867 1512 911 tui
1543 867 1769 912 manifesta

119 932 207 988 fiat,
236 949 313 991 per
345 933 566 980 Christum
600 935 823 981 dominum
856 949 1063 985 nostrum.
1093 938 1249 983 Amen.

740 1068 986 1114 Benedictio
1019 1070 1139 1128 ignis.

265 1152 452 1198 Domine
474 1164 618 1197 sancte
648 1154 788 1207 Pater,
807 1154 1083 1212 omnipotens
1104 1166 1276 1199 aeterne
1296 1155 1426 1210 Deu3‚
1446 1155 1627 1200 benedic
1654 1156 1768 1200 hunc

122 1224 283 1283 ignem,
314 1239 443 1283 quem
475 1224 519 1269 in
550 1225 730 1269 nomine
762 1224 837 1269 filii
870 1225 944 1278 tui,
979 1225 1143 1270 domini
1186 1226 1323 1270 nostri
1364 1226 1464 1282 jesu
1508 1226 1683 1281 Christi,
1726 1239 1770 1271 et

122 1295 304 1353 Spiritus
339 1300 472 1341 sancti
504 1295 797 1341 benedicimus
831 1308 874 1341 et
907 1297 1233 1342 sanctificamus
1268 1298 1359 1352 Qui
1390 1299 1499 1343 viuis
1533 1310 1574 1342 et
1606 1314 1770 1357 regnas

481 1367 681 1428 Sequitur
711 1370 842 1414 missa
873 1369 1016 1414 iudicii
1047 1369 1265 1414 candentis
1298 1369 1407 1416 ferri.

839 1501 1060 1546 Introitus.

264 1587 405 1631 Iustus
437 1601 482 1631 es
514 1587 704 1631 Domine
737 1598 781 1631 et
811 1598 979 1630 rectum
1010 1585 1214 1630 iudicium
1247 1597 1382 1640 tuum,
1413 1585 1479 1631 fac
1511 1602 1609 1631 cum
1642 1602 1769 1631 seruo

121 1671 199 1705 tuo
232 1658 466 1704 secundum
498 1658 836 1705 misericordiam
881 1669 1009 1704 tuam.
1050 1660 1284 1704 Versiculus.
1305 1659 1424 1702 Beati
1451 1659 1697 1703 inmaculati
1727 1659 1770 1702 in

120 1721 204 1785 via,
237 1731 311 1791 qui
343 1731 559 1775 ambulant
592 1731 637 1775 in
668 1731 764 1789 lege
798 1731 986 1775 Domini.
1020 1730 1168 1774 Gloria
1199 1731 1310 1788 patri
1343 1741 1421 1775 etc.

861 1861 1030 1909 Oratio.

268 1949 476 1993 Actiones
514 1960 696 2002 nostras,
740 1963 971 2007 quesumus
1005 1947 1194 2002 domine,
1237 1959 1280 1992 et
1312 1946 1537 2005 aspirando
1581 1947 1771 2005 preueni,

125 2034 167 2067 et
199 2020 439 2066 adiuuando
472 2035 747 2079 prosequere,
779 2031 826 2063 vt
858 2030 1010 2064 cuncta
1042 2019 1249 2078 operatio,
1295 2020 1438 2063 omnis
1477 2019 1616 2063 oratio
1660 2031 1704 2063 et
1748 2035 1770 2063 a

126 2106 170 2138 te
203 2108 373 2152 semper
404 2092 590 2151 incipiat,
622 2103 663 2136 et
694 2107 770 2150 per
803 2104 845 2136 te
879 2103 999 2150 cepta
1029 2091 1213 2146 finiatur,
1243 2107 1320 2150 per
1350 2091 1599 2136 Dominum.
1632 2103 1710 2136 etc.

630 2234 632 2236 ’
663 2225 813 2270 Lectio
846 2225 970 2268 Esaie
1002 2224 1230 2282 Prophete.

268 2360 317 2405 In
338 2359 484 2405 diebus
506 2359 608 2404 illis:
640 2360 831 2404 Locutus
864 2370 930 2403 est
961 2358 1103 2402 Esaias
1134 2357 1352 2416 Propheta
1385 2357 1554 2402 dicens:
1588 2355 1770 2410 Querite

126 2433 363 2486 dominum,
409 2431 511 2477 dum
558 2432 738 2477 inueniri
784 2442 942 2489 potest,
984 2431 1181 2475 inuocate
1225 2446 1339 2484 eum,
1370 2429 1472 2474 dum
1514 2442 1649 2487 prope
1693 2437 1769 2471 est.

125 2504 406 2564 Derelinquat
438 2504 592 2562 impius
623 2505 738 2548 viam
771 2518 904 2557 suam,
936 2514 979 2547 et
1011 2504 1076 2547 vir
1120 2502 1287 2561 iniquus
1332 2501 1619 2560 cogitationes
1663 2513 1772 2551 suas,

127 2588 170 2621 et
202 2587 441 2621 reuertatur
473 2576 526 2621 ad
557 2576 781 2621 dominum
813 2586 1021 2629 nostrum,
1053 2574 1255 2634 quoniam
1277 2573 1437 2619 multus
1470 2584 1535 2617 est
1557 2573 1609 2615 ad
1640 2570 1770 2629 igno-

129 2648 346 2694 scendum.

1563 2740 1628 2775 ιο*
