2170 3210
448 172 515 206 310

442 304 672 361 praemisit,
703 303 1030 361 versionemque
1063 303 1348 360 Hungaricam
1380 314 1633 360 argumento
1664 303 1796 347 latino
1836 303 2000 358 adiecit,
2029 315 2077 349 at

443 386 741 432 argumentum
771 373 946 417 latinum
977 373 1128 418 iisdem
1150 372 1328 427 mendis,
1349 373 1498 432 quibus
1518 374 1682 431 priores
1702 373 1900 428 editores,
1917 375 2072 434 vulga-

444 447 516 490 vit.
535 445 781 490 Dolendum
799 457 863 489 est
880 460 1024 502 porro,
1046 445 1334 502 interpretem,
1353 445 1543 504 alioquin
1563 444 1614 489 de
1636 445 1810 489 historia
1831 446 2076 504 Hungariae

443 517 764 570 benemeritum,
794 516 906 560 haud
938 516 1076 569 certis,
1095 516 1182 560 imo
1215 516 1331 560 vanis
1363 516 1575 573 principiis
1607 516 1828 560 seductum
1860 517 1902 560 in
1934 517 2072 576 expli-

444 587 588 633 candis
609 588 849 632 nominibus
872 587 1066 632 locorum
1088 600 1130 631 et
1151 601 1427 645 personarum
1460 602 1608 644 parum
1639 587 1900 632 fortunatum
1931 588 2077 642 fuisse,

444 660 716 719 plurimisque
747 660 791 703 in
824 659 985 704 casibus
1019 675 1042 702 a
1073 674 1177 702 vero
1210 659 1416 703 aberrare.

587 731 815 776 Caeterum
847 731 988 775 versio
1021 730 1261 788 Hungarica
1292 730 1470 788 regestri
1491 730 1576 774 iam
1597 730 1759 788 pridem
1783 730 1987 775 adornata
2008 743 2077 776 est

445 819 467 847 a
489 803 717 847 Valentino
750 802 861 855 Kiss,
881 802 984 845 olim
1015 802 1210 845 ministro
1244 801 1444 845 ecclesiae
1467 801 1588 846 Helv.
1610 801 1735 845 Conf.
1759 801 2079 856 Szentesiensis‚

446 875 562 919 cuius
594 874 926 931 manuscriptum
947 874 990 917 in
1010 872 1260 917 bibliotheca
1292 872 1460 930 collegii
1481 872 1831 917 Debreczinensis
1858 872 2074 927 delitescit,

446 946 698 990 Translator
730 960 836 1002 opus
869 960 991 988 suum
1023 944 1147 988 titulo
1182 944 1375 1003 sequenti
1407 943 1592 1003 ornavitffz
1618 944 1683 987 «A
1706 943 1926 988 Tiizesvas
1946 943 2077 988 ite-le·-

445 1018 573 1062 tenek
605 1017 945 1075 jegyzokonyve,
977 1016 1091 1072 mely
1122 1016 1269 1059 iratott
1300 1015 1502 1060 Varadon
1535 1031 1581 1059 az
1605 1015 1704 1059 Elso
1725 1016 1888 1073 Martyr
1910 1014 2073 1059 Ekkle-

446 1090 544 1147 siaja
574 1088 676 1145 Papi
709 1088 891 1144 torveny
923 1087 1081 1130 szeken
1120 1087 1494 1145 1214—1235-ig‚
1526 1097 1642 1130 most
1684 1086 1810 1144 pedig
1854 1101 2075 1144 magyarra

447 1160 695 1213 forditotta3
741 1159 968 1215 homalyos
1018 1158 1245 1216 regisegeit
1297 1158 1602 1215 jegyzekekkel
1652 1158 1943 1215 vilagosi'totta
1995 1167 2076 1201 etc.

446 1232 544 1275 Kiss
576 1230 750 1275 Balint.»
787 1229 937 1289 (1833.
970 1245 1063 1287 pag.
1098 1232 1196 1273 226.
1230 1228 1344 1289 MS.)

589 1302 764 1345 Silentio
797 1301 1015 1358 praeteriri
1045 1316 1133 1344 non
1165 1313 1343 1358 possunt
1375 1300 1445 1344 hic
1476 1300 1555 1343 viri
1594 1299 1758 1354 eruditi,
1802 1300 1872 1359 qui
1917 1299 2075 1343 nostris

448 1374 536 1418 fere
569 1373 714 1417 diebus
746 1372 859 1417 haud
892 1371 1206 1416 contemnendo
1239 1371 1383 1416 labore
1415 1383 1655 1429 segestrum
1687 1371 1892 1415 distinctis
1925 1370 2073 1414 elucu-

447 1444 707 1490 brationibus
739 1443 980 1497 dilucidare,
1011 1444 1184 1487 nomina
1221 1458 1497 1501 personarum
1544 1454 1586 1486 et
1626 1442 1821 1487 locorum
1866 1442 2078 1500 explicare

447 1515 712 1560 studuerunt.
746 1517 914 1559 Horum
946 1515 1105 1572 primus
1137 1514 1268 1571 Julius
1306 1514 1485 1573 (Gyula)
1520 1513 1666 1572 Vajda,
1709 1529 1732 1558 e
1777 1513 1934 1557 scholis
1977 1512 2074 1565 Piis,

447 1603 559 1631 nunc
589 1587 808 1644 professor
840 1587 944 1644 priV.
978 1586 1261 1630 universitatis
1293 1586 1646 1638 Kolosvariensis‚
1682 1595 1922 1643 segestrum
1958 1584 2075 1629 velut

452 1658 619 1703 fontem
671 1658 858 1702 culturae
909 1658 1127 1715 regiminis
1178 1657 1374 1701 Andreae
1420 1657 1481 1710 IL,
1523 1656 1634 1714 regis
1683 1656 1936 1714 Hungariae,
1979 1655 2077 1700 crisi

448 1729 623 1773 subiecit
654 1729 697 1772 in
729 1744 857 1786 opere
890 1744 969 1772 suo
1001 1743 1148 1786 parvo,
1179 1727 1254 1771 sed
1296 1728 1510 1785 pretioso:
1546 1728 1611 1770 «A
1653 1726 1796 1771 varadi
1837 1737 2075 1784 segestrum

448 1800 801 1860 (1209—1235).
839 1801 1018 1858 Magyar
1059 1799 1505 1856 mflveltsegtorteneti
1548 1798 1673 1842 kutfo
1716 1798 1982 1842 ismertetese
2030 1798 2079 1841 es

449 1871 632 1915 biralata.
664 1872 749 1915 Irta
781 1871 840 1915 dr.
877 1869 1007 1929 Vajda
1040 1871 1178 1927 Gyula
1223 1870 1415 1928 fogymn.
1438 1869 1590 1914 rendes
1635 1870 1680 1913 es
1723 1882 1862 1927 egyet.
1893 1870 2074 1927 magan-

449 1944 577 1988 tanar.
611 1942 831 2000 Budapest.
871 1943 993 1986 1880.
1032 1943 1095 1999 56.
1128 1942 1195 1988 l.».
1228 1942 1309 1985 Hic
1342 1954 1491 1985 auctor
1522 1940 1647 1985 simul
1678 1952 1862 1985 attentos
1894 1939 2075 1984 reddidit

450 2013 637 2058 eruditos
684 2012 939 2057 mendorum
982 2014 1027 2058 in
1072 2012 1327 2057 editionibus
1371 2012 1487 2056 Bel-i
1531 2023 1573 2055 et
1609 2011 1878 2055 Endlicher-i
1917 2025 2076 2055 occur·—

449 2085 635 2129 rentium
667 2099 901 2142 eorumque
934 2084 1173 2141 catalogum
1205 2083 1432 2127 lectoribus
1466 2082 1652 2127 exhibuit
1682 2109 1740 2114 -—
1760 2082 1880 2127 Alter
1899 2082 2077 2126 Franci—

450 2171 544 2200 scus
576 2154 757 2212 Balassy‚
791 2154 1045 2199 Academiae
1079 2155 1230 2199 Scient.
1253 2155 1381 2212 Hung
1402 2153 1641 2198 membrum
1663 2153 1879 2212 (mortuus
1900 2154 1943 2197 in
1962 2168 2077 2211 pago

450 2226 613 2271 Maklar
656 2241 788 2283 prope
833 2226 1029 2284 Agriam)
1074 2226 1325 2283 provincias,
1369 2225 1663 2284 domiciliaque
1709 2239 1989 2281 personarum
2031 2225 2075 2268 in

450 2288 707 2341 testimoniis
739 2297 917 2354 regestri
940 2309 1268 2341 memoratarum
1291 2296 1571 2340 determinare
1592 2295 1852 2339 adlaboravit
1872 2295 1915 2338 in
1943 2294 2076 2340 libro:

450 2369 763 2425 Mutatvanyok
795 2383 818 2411 a
850 2367 994 2411 varadi
1025 2367 1348 2425 regestrumbol.
1380 2367 1589 2424 Budapest
1627 2367 1749 2410 1881.

594 2439 907 2482 Historicorum
941 2451 1096 2492 autem,
1127 2439 1198 2498 qui
1231 2438 1484 2482 testimoniis
1523 2438 1703 2495 regestri
1746 2437 1821 2490 usi,
1853 2437 2074 2495 caliginem

452 2523 709 2567 temporum,
738 2509 903 2553 cladem
920 2509 1183 2553 Tartaricam
1204 2508 1561 2567 praecedentium,
1582 2508 1790 2552 discutere
1812 2508 2076 2561 studuerunt,
2111 2565 2116 2570 ·

452 2581 693 2637 catalogum
725 2593 870 2624 texere
891 2580 1150 2637 superfluum
1181 2591 1391 2637 putamu8‚
1422 2595 1519 2623 cum
1551 2579 1735 2623 breviter
1771 2578 1909 2623 dicere
1929 2579 2078 2636 possi-

451 2667 563 2695 mus:
598 2666 620 2695 e
653 2651 841 2695 melioris
873 2663 1001 2695 notae
1034 2650 1274 2694 auctoribus
1307 2649 1426 2693 fuere
1459 2665 1620 2693 omnes.
