2170 3210
356 155 406 190 IV

359 296 589 366 Capituli,
628 313 745 347 cum
784 296 998 364 primum
1044 296 1104 348 ad
1154 314 1292 350 aures
1340 315 1454 350 suas
1503 298 1734 366 pervenit,
1785 311 1838 350 ut
1888 316 1982 367 ope

358 396 807 438 monumentorum
845 383 1074 437 historiae
1112 385 1391 455 Hungariae
1430 384 1556 439 ordo
1595 386 1983 457 chronologicus

356 474 761 527 testimoniorum
799 473 945 525 huius
983 475 1200 542 regestri,
1239 474 1495 543 hucusque
1529 474 1859 540 disiectorum,
1885 476 1982 528 iam
2048 476 2050 479 ’

357 563 507 632 defigi
545 562 713 631 possit,
746 574 889 630 atque
927 562 1109 615 adiecta
1137 562 1300 631 effigie
1328 563 1556 616 editionis
1581 564 1822 633 principis,
1849 582 1982 618 anno

364 669 496 722 1550
533 650 776 718 vulgatae,
816 650 1052 720 descripta
1098 651 1372 720 (sacsimile)
1422 651 1597 705 melius
1648 653 1982 714 demonstrari,

355 741 559 793 nomina
597 758 923 809 personarum
962 752 1009 792 et
1047 739 1275 793 locorum
1312 742 1360 792 in
1398 740 1484 792 illis
1522 754 1593 792 sat
1642 741 1830 812 integre
1878 759 1983 794 esse

355 842 644 882 conservata
706 829 963 898 habitaque
1017 829 1207 881 ratione
1259 829 1642 898 orthographiae
1690 829 1813 882 illius
1864 831 1982 892 aevi,

355 937 456 988 quo
495 931 684 985 regesta
722 919 897 987 scripta
932 932 1060 982 sunt,
1099 918 1230 970 haud
1268 917 1525 971 difficulter
1552 918 1787 988 explicari,
1812 919 1982 972 statim

355 1020 584 1076 sumptus
610 1008 909 1060 necessarios
931 1006 1217 1060 obtulerunt
1236 1025 1428 1076 nosque
1449 1026 1476 1059 a
1500 1006 1822 1060 sollicitudine
1848 1009 1982 1076 gravi

355 1097 499 1149 huius
537 1096 639 1149 libri
677 1095 909 1166 vulgandi
947 1095 1223 1148 liberarunt.

496 1185 710 1238 Lubenti
771 1185 939 1236 animo
998 1185 1116 1236 haec
1171 1185 1461 1253 profitemur
1516 1185 1764 1255 simulque
1821 1200 1982 1255 grates

351 1275 592 1326 maximas
631 1275 823 1343 agimus
860 1272 1120 1326 venerabili
1160 1273 1393 1342 Capitulo
1432 1293 1522 1343 pro
1565 1274 1860 1337 liberalitate,
1888 1293 1983 1344 qua

352 1377 400 1416 et
438 1363 873 1432 praedecessorum
911 1380 1120 1415 suorum
1159 1363 1431 1415 memoriae
1471 1376 1518 1415 et
1544 1364 1778 1417 historiae
1802 1365 1981 1434 patriae

354 1454 544 1522 optime
584 1452 844 1505 consuluit.
883 1453 1079 1517 Justum
1119 1470 1238 1520 ergo
1266 1470 1544 1518 censemUS‚
1571 1466 1625 1506 ut
1651 1454 1980 1522 quemadmo-

352 1543 473 1595 dum
512 1543 561 1594 in
606 1542 810 1610 regestis
862 1541 976 1610 ipsis
1020 1541 1231 1593 nomina
1278 1543 1696 1610 Praepositorum‚
1746 1543 1981 1604 LectoriS,

352 1631 582 1684 Cantoris
608 1629 914 1699 aliorumque
943 1628 1151 1699 Capituli
1177 1630 1521 1684 Varadinensis
1546 1632 1810 1694 sociorum,
1838 1632 1982 1685 annis

359 1722 589 1788 1208—3
604 1739 627 1790 5
652 1737 857 1772 munere
877 1737 970 1771 suo
996 1717 1326 1787 fungentium,
1354 1734 1726 1782 enumerantur,
1744 1722 1808 1774 ita
1835 1722 1982 1774 etiam

351 1809 431 1861 hic
481 1827 655 1861 eorum
707 1809 911 1861 nomina
961 1809 1233 1861 memoriae
1282 1808 1569 1877 prodantur,
1620 1811 1700 1878 qui
1750 1827 1882 1862 nunc
1930 1811 1980 1862 in

353 1897 535 1950 eodem
574 1897 803 1966 Capitulo
841 1897 1074 1950 florentes
1112 1897 1445 1950 munificentia
1482 1916 1570 1950 sua
1620 1899 1750 1952 hunc
1800 1898 1980 1951 librum

349 1988 459 2039 usui
498 1987 807 2039 eruditorum
844 1999 1007 2055 aptare
1047 1986 1233 2053 dignati
1272 2000 1399 2040 sunt.
1574 2059 1578 2063 Ι

490 2077 739 2142 JosEPHus
776 2078 1039 2136 WINKLER,
1076 2076 1383 2145 praepositus
1421 2078 1591 2138 maior,
1637 2076 1820 2129 electus
1871 2078 1978 2146 epi—

349 2183 533 2234 scopus
572 2164 885 2217 Sardicensis.

485 2258 711 2321 JOANNES
761 2256 975 2319 ZAJNAY,
1026 2253 1195 2316 lector,
1252 2255 1380 2307 Suae
1437 2256 1710 2307 Sanctitatis
1764 2255 1980 2309 Romani

350 2343 605 2396 Pontificis
643 2342 878 2411 praelatus
918 2343 1238 2397 domesticus.

490 2432 747 2486 EUGENIUS
786 2433 1060 2493 SzeeHeNm
1098 2445 1281 2485 cantor.

491 2525 777 2576 EDUARDUS
817 2522 1089 2575 SCHIEFNER
1129 2533 1310 2582 custos,
1338 2523 1466 2574 Suae
1493 2521 1765 2574 Sanctitatis
1791 2521 1981 2590 praela-

347 2622 427 2662 tus
468 2609 788 2677 domesticus
