2170 3210
1759 164 1803 209 69

312 307 507 357 Omnino
541 308 622 352 tale
667 306 869 351 indicium
914 307 1089 350 tertium
1135 309 1382 363 (concentus
1430 303 1802 363 archontologiae)

171 378 251 423 fuit
281 378 505 424 exordium
535 379 870 423 ratiocinationis
901 389 1072 422 nostrae
1104 377 1147 421 in
1170 375 1397 434 seligendis
1424 375 1678 420 testimoniis
1706 375 1804 419 huic

127 503 129 505 ¹
171 450 241 495 vel
270 449 403 495 altero
435 465 547 494 anno
580 449 765 494 adnexis.
800 449 1021 493 Eiusmodi
1041 447 1241 492 indicium
1265 448 1343 492 rite
1367 462 1663 505 comparamus
1688 446 1802 491 ferro

172 537 304 582 aquae
347 521 479 566 salsae
519 523 735 565 immerso.
769 520 886 564 Sicut
917 520 1031 563 enim
1068 518 1164 563 salis
1198 518 1382 576 crystalli
1414 518 1528 562 ferro
1561 517 1804 572 adhaerent,

173 593 232 638 sic
263 592 512 637 testimonio
553 607 635 650 ope
678 591 820 636 indicii
863 591 977 635 tertii
1021 601 1136 635 certe
1181 590 1481 644 determinato,
1512 590 1672 648 reliqua
1714 590 1803 633 sive

174 663 495 722 chronologice,
553 663 642 707 sive
686 661 838 707 iisdem
881 661 1021 716 rebus,
1071 661 1160 705 sive
1214 661 1312 705 alias
1365 659 1509 704 affinia
1558 661 1803 705 testimonia

174 735 469 793 adiunguntur.
502 734 664 779 Pluries
698 732 868 792 quidem
909 748 989 791 pro
1038 732 1294 776 testimoniis
1339 732 1493 790 integri
1536 731 1633 776 anni
1674 748 1805 776 unum

174 806 316 851 solum
347 818 435 851 tam
466 805 640 850 evidens
671 804 873 849 indicium
904 804 1122 858 habemus,
1154 803 1230 848 sed
1261 804 1347 848 hoc
1378 804 1464 846 iam
1495 803 1663 857 sufficit,
1706 819 1806 847 nam

174 877 352 923 ulterior
383 876 683 923 determinatio
715 876 923 933 temporis
955 875 1126 934 reliquis
1163 874 1326 919 indiciis
1371 874 1517 931 perfici
1562 886 1717 932 potest.
1758 875 1807 919 Id

176 949 317 993 solum
347 952 391 993 in
421 948 501 992 hac
533 947 889 992 determinatione
921 946 1167 1002 cavendum,
1212 961 1265 990 ne
1311 945 1463 989 indicia
1509 946 1674 990 minora
1720 946 1806 990 alto

177 1019 399 1078 supercilio
431 1030 775 1064 contemnantur.
808 1019 1017 1072 Venator,
1055 1033 1153 1062 cum
1201 1017 1252 1062 de
1299 1016 1549 1074 reperienda
1594 1017 1681 1061 fera
1724 1019 1808 1062 iam

178 1091 395 1135 vulnerata
428 1091 528 1149 agit,
557 1089 663 1134 nihil
694 1101 811 1133 curat
851 1089 1103 1147 parvitatem
1148 1089 1442 1146 vestigiorum,
1486 1088 1599 1133 haud
1646 1089 1808 1147 cogitat

178 1163 230 1207 de
285 1162 480 1208 irrisione
524 1161 804 1206 dubitantium
851 1171 895 1205 et
938 1160 1223 1214 indoctorum,
1268 1159 1343 1204 sed
1387 1160 1577 1219 sequitur
1618 1160 1810 1218 vestigia,

179 1232 357 1278 attendit
388 1233 669 1277 minutissima
713 1231 877 1286 indicia,
919 1247 1225 1290 nonnunquam
1272 1232 1440 1275 unicum
1474 1231 1606 1288 pilum
1628 1247 1809 1291 quoque,

179 1321 232 1350 ne
275 1303 427 1363 praeda
473 1304 713 1349 frustretur.
755 1303 851 1348 Nec
899 1318 980 1347 nos
1033 1319 1227 1347 curamus
1277 1303 1510 1347 exilitatem
1558 1302 1810 1347 indiciorum

178 1376 495 1428 nonnullorum,
526 1373 763 1419 dummodo
795 1375 951 1418 veritas
982 1374 1032 1418 iis
1066 1374 1363 1432 opitulantibus
1394 1374 1516 1418 nobis
1550 1385 1699 1432 pateat.

320 1447 397 1491 His
427 1446 669 1504 praemissis
701 1445 998 1504 progredimur
1029 1446 1113 1489 iam
1146 1445 1198 1489 ad
1228 1445 1543 1490 ostendendum
1565 1445 1812 1499 distinctim,

181 1534 308 1579 quare
340 1518 587 1562 testimonia
617 1518 796 1574 segestri
827 1516 1129 1561 Varadinensis
1163 1517 1248 1560 hoc
1281 1516 1430 1561 ordine
1473 1517 1725 1573 digessimus
1771 1529 1813 1561 et

182 1605 309 1650 quare
340 1590 445 1634 haec
478 1589 709 1646 designatis
742 1589 861 1632 annis
876 1588 1130 1632 tribuimus?
1152 1588 1440 1645 Complexum
1460 1589 1818 1648 testimoniorum,

181 1661 346 1706 cuidam
383 1675 496 1705 anno
541 1660 821 1713 adnexorum,
857 1659 1016 1704 fascem
1064 1674 1367 1715 nuncupamus.
1410 1659 1560 1704 Fasces
1604 1659 1744 1717 plures
1790 1675 1812 1703 e

180 1732 385 1778 fasciculis
418 1731 778 1784 testimoniorum,
809 1732 851 1774 in
885 1730 1140 1775 editionibus
1173 1731 1380 1787 prioribus
1407 1732 1623 1790 hucusque
1647 1731 1811 1790 disper-

181 1804 237 1848 sis
268 1815 312 1848 et
343 1803 560 1861 separatis,
592 1814 634 1846 at
667 1802 822 1846 eodem
856 1818 966 1846 auno
1000 1802 1164 1859 scriptis
1197 1804 1424 1848 constant.l

323 1971 637 2023 Testimonia
676 1989 748 2022 nr.
798 1987 931 2035 1—4
972 1971 1131 2039 (prius
1173 1988 1193 2037 3
1208 1987 1411 2039 30—33
1424 1970 1478 2039 3)
1517 1988 1650 2022 anno
1684 1972 1814 2024 1208

184 2065 369 2123 scripta.

326 2147 404 2191 His
434 2147 475 2191 in
509 2147 766 2191 testimoniis
804 2146 890 2190 duo
934 2146 1086 2190 indicia
1129 2147 1335 2204 temporis
1379 2162 1511 2205 eaque
1555 2147 1816 2204 apertissima

185 2219 429 2277 reperimus.
460 2219 653 2263 Primum
684 2218 727 2262 in
746 2218 995 2262 testimonio
1015 2218 1166 2276 primo,
1183 2218 1361 2262 alterum
1384 2220 1425 2262 in
1448 2230 1598 2276 quarto
1623 2217 1817 2270 occurrit,

187 2302 366 2349 suntque
397 2291 571 2334 nomina
614 2289 814 2343 iudicum,
857 2304 1002 2333 causas
1044 2289 1387 2334 discutientium:
1426 2289 1626 2333 Nicolaus
1671 2304 1816 2332 comes

188 2361 350 2406 curialis
380 2362 492 2419 regis
523 2361 732 2420 simulque
774 2375 920 2404 comes
966 2360 1254 2414 Posoniensis,
1306 2373 1432 2421 atque
1478 2361 1628 2403 Petrus
1672 2374 1818 2402 comes

329 2491 340 2513 ¹
366 2492 528 2539 Linguae
552 2492 682 2527 latinae
709 2502 825 2538 gnaro
851 2491 955 2526 facile
981 2499 1093 2537 patet,
1114 2502 1180 2526 nos
1207 2493 1243 2526 ln
1262 2492 1330 2526 hac
1352 2492 1619 2527 elucubratione
1638 2490 1819 2525 nonnullis

192 2553 319 2589 verbis
346 2552 533 2586 coarctatis
560 2551 744 2586 brevitatis
765 2561 871 2585 causa
891 2551 953 2591 uti,
972 2558 1006 2585 et
1024 2550 1169 2597 quidem
1187 2559 1265 2586 test.
1282 2566 1330 2580 =
1349 2551 1607 2593 testimonium,
1625 2549 1819 2584 testimonii

190 2612 244 2647 vel
269 2610 493 2652 testimonio,
531 2621 597 2645 nro
624 2625 666 2640 =
695 2622 857 2645 numero.
900 2621 931 2644 a.
952 2624 994 2638 =
1014 2621 1129 2644 annus
1169 2610 1253 2644 anni
1293 2610 1348 2645 vel
1392 2621 1499 2653 anno,
1541 2621 1589 2643 m.
1617 2625 1662 2637 z
1686 2608 1818 2643 mensis

190 2671 245 2707 vel
272 2681 406 2705 mense.
