2170 3210
407 122 448 158 72

410 251 663 310 259--268)
696 253 838 309 sicque
870 250 982 294 hunc
1014 250 1255 294 fasciculum
1287 265 1455 309 quoque
1487 251 1540 295 ad
1570 266 1724 294 annum
1772 265 1878 308 1213
1912 266 2014 308 per-

409 324 552 367 tinere.
597 322 748 367 Statim
791 322 904 365 enirn
946 321 991 365 in
1035 331 1128 365 test.
1171 336 1231 364 nr.
1275 333 1332 365 20
1374 321 1496 364 huius
1539 321 1724 366 fasciculi
1759 321 2014 368 offendimus

406 393 769 450 praenominatum
817 390 1029 435 Nevetlen
1080 392 1284 435 comitem
1341 391 1538 435 curialem
1581 391 1882 448 Bihariensem,
1923 397 2013 441 imo

407 464 476 507 hic
513 463 725 507 Nevetlen
762 462 943 505 eundern
981 472 1254 505 executorem
1298 461 1586 520 (pristaldem),
1628 462 1785 506 Lucam
1826 467 2014 520 nomine,

407 534 550 586 mittit,
581 534 652 590 qui
681 533 767 577 iam
798 533 843 576 in
874 531 1123 576 testimonio
1155 546 1217 576 nr.
1257 533 1306 575 18
1338 532 1489 588 prioris
1521 531 1709 576 fasciculi
1744 547 2014 583 memoratur.

408 605 518 647 Huic
557 602 714 647 indicio
750 613 984 646 consonant
1016 603 1177 646 coeteri
1197 601 1358 646 iudices
1391 617 1621 656 causarum,
1650 617 1826 660 nempe:
1855 606 1902 650 in
1922 617 2013 653 test.

406 690 467 718 nr.
502 675 555 716 26
588 672 718 732 (265)
750 672 870 717 Mika
901 687 1046 716 comes
1078 673 1348 725 Bihariensis,
1378 672 1422 715 in
1453 683 1546 717 test.
1577 687 1638 717 nr.
1669 686 1724 729 27
1749 673 1880 734 (266)
1900 677 2015 721 Bank

407 744 622 801 palatinus,
651 743 695 786 in
727 754 818 788 test.
849 758 908 787 nr.
941 744 995 787 28
1029 741 1159 801 (267)
1192 742 1443 799 Smaragdus
1475 757 1631 787 comes.

548 814 670 867 Quae
702 813 826 857 simul
857 824 993 857 sumta
1025 828 1151 856 omne
1182 812 1365 869 prudens
1398 812 1568 857 dubium
1600 812 1835 868 excludunt,
1866 827 2015 862 osten-

408 885 593 942 duntque
624 884 736 927 hunc
768 882 997 926 secundum
1024 882 1268 926 fasciculum
1299 897 1431 941 aeque
1464 898 1496 927 a.
1525 897 1631 940 1213
1655 885 1858 941 scriptum
1877 886 2015 934 fuisse.

407 956 543 1000 Huius
600 954 785 997 fasciculi
840 964 932 997 test.
973 968 1035 996 nr.
1082 966 1136 996 22
1179 952 1311 1012 (261)
1356 953 1538 997 iudicem
1580 955 1666 1011 agit
1708 945 1829 1011 Agya
1873 972 2016 1002 comes

408 1026 693 1077 Krasznensis‚
725 1024 795 1082 qui
825 1025 950 1080 proin
981 1038 1016 1067 a.
1057 1037 1162 1081 1213
1197 1024 1280 1069 hoc
1310 1039 1462 1068 munus
1484 1025 1628 1081 gessit,
1648 1036 1872 1082 propterea
1891 1028 2018 1072 etiam

407 1107 501 1140 test.
533 1111 595 1138 nr.
628 1108 682 1151 29
717 1093 847 1153 (268)
879 1094 977 1138 huic
1002 1094 1202 1138 fasciculo
1236 1105 1278 1137 et
1309 1109 1419 1138 anno
1448 1107 1552 1151 1213
1579 1094 1890 1152 adiungendum
1917 1111 2016 1145 erat.

548 1165 596 1209 In
612 1165 694 1209 hoc
711 1164 896 1209 secundo
915 1164 1128 1217 fasciculo,
1145 1165 1343 1208 nimirum
1358 1165 1403 1209 in
1418 1175 1512 1208 test.
1534 1180 1594 1209 nr.
1613 1166 1666 1208 26
1690 1165 1821 1225 (265)
1838 1170 2018 1213 occurrit

408 1236 529 1280 nobis
559 1235 663 1279 alter
695 1235 887 1279 officialis
919 1235 1057 1278 minor
1087 1234 1248 1278 iamfati
1280 1235 1396 1278 Mika
1413 1236 1578 1279 comitis
1600 1236 1874 1282 Bihariensis:
1896 1238 2018 1285 Teke

410 1306 571 1366 (Teka)
614 1306 815 1350 bilochus.
858 1305 1064 1359 Quinimo
1109 1305 1220 1348 hunc
1269 1304 1391 1349 Teke
1435 1305 1647 1350 bilochum
1694 1307 1780 1350 iam
1822 1319 1916 1354 test.
1959 1325 2020 1357 nr.

410 1391 466 1435 24
497 1376 627 1435 (263)
658 1376 842 1420 iudicem
874 1391 1020 1420 causae
1051 1377 1242 1420 nominat
1273 1390 1485 1434 penesque
1517 1376 1633 1420 illum
1676 1392 1838 1421 novum
1879 1381 2019 1425 comi-

413 1461 499 1491 tem
533 1447 731 1491 curialem
763 1448 930 1490 comitis
962 1447 1081 1490 Mike
1111 1457 1334 1499 memorat,
1364 1447 1552 1490 Paulum.

554 1517 747 1574 Cognitis
778 1518 863 1561 iam
892 1517 1013 1560 novis
1033 1516 1280 1560 officialibus
1299 1516 1532 1561 minoribus
1554 1517 1722 1562 comitis
1753 1518 2019 1573 Bihariensis,

414 1603 447 1632 a.
486 1601 606 1644 1213.
639 1586 920 1644 fungentibus,
950 1586 1134 1630 fasciculi
1164 1588 1292 1639 tertii,
1328 1586 1410 1630 huc
1449 1587 1587 1640 locati,
1616 1598 1782 1644 tempus
1814 1588 2020 1634 determi-

413 1657 595 1701 nandum
627 1659 753 1701 venit.

555 1729 649 1771 Hoc
679 1729 724 1771 in
754 1727 951 1771 fasciculo
983 1739 1075 1771 test.
1109 1742 1170 1770 nr.
1207 1730 1374 1785 30——36
1407 1727 1542 1786 (prius
1574 1741 1598 1771 2
1607 1729 1821 1787 52-258)
1846 1741 1940 1774 test.
1959 1745 2020 1775 nr.

419 1812 472 1855 30
506 1798 636 1856 (252)
656 1809 864 1842 memorat
886 1797 1108 1841 Simonem
1129 1799 1376 1854 episcopum
1398 1797 1729 1842 Varadinensem
1749 1814 1781 1843 a.
1810 1801 1918 1843 1218
1940 1803 2022 1845 iam

416 1867 663 1912 defunctum
684 1869 856 1926 eiusque
881 1869 1082 1912 vicarium
1102 1868 1375 1911 Ioachimum.
1396 1869 1444 1910 A.
1482 1881 1603 1925 1213.
1637 1869 1748 1912 hunc
1778 1869 2024 1914 fasciculum

416 1939 616 1995 scriptum
646 1938 773 1982 fuisse
805 1939 947 1982 statim
978 1938 1233 1996 subsequens
1266 1950 1358 1982 test.
1390 1953 1451 1982 nr.
1485 1952 1533 1995 31
1570 1937 1700 1998 (253)
1733 1939 1841 1983 clare
1874 1951 2022 1983 osten-

418 2008 491 2061 dit,
523 2008 798 2065 Smaragdum
831 2010 1032 2052 comitem
1064 2008 1414 2051 Szolnokiensem
1446 2009 1650 2065 appelans.
1684 2008 1767 2052 Sed
1809 2025 1945 2067 neque
1989 2025 2022 2054 a.

423 2092 544 2135 1213.
575 2079 690 2134 prius
722 2080 827 2122 haec
858 2079 1102 2122 testimonia
1133 2079 1311 2135 registro
1343 2078 1455 2122 illata
1487 2093 1589 2122 esse.
1622 2090 1714 2123 test.
1732 2094 1793 2122 nr.
1824 2093 1878 2136 34
1897 2078 2024 2137 (254)

418 2149 582 2201 evincit,
613 2163 708 2191 narn
740 2138 781 2191 in
813 2148 935 2191 huius
966 2159 1057 2193 test.
1090 2164 1187 2192 casu
1218 2148 1370 2191 Paulus
1403 2148 1569 2192 curialis
1602 2164 1746 2192 comes
1768 2149 2023 2192 Bihariensis

419 2230 463 2262 et
494 2218 625 2262 Teke
649 2218 839 2262 bilochus
871 2218 1028 2262 iudices
1060 2222 1202 2276 agunt,
1246 2234 1340 2262 cum
1384 2230 1524 2262 tamen
1567 2219 1705 2274 primo
1747 2219 1949 2262 trimestri
1991 2234 2024 2263 a.

425 2302 528 2345 1213
571 2287 705 2331 adhuc
735 2288 947 2332 Nevetlen
979 2289 1144 2332 comitis
1177 2288 1340 2332 curialis
1374 2288 1623 2331 Bihariensis
1654 2303 1805 2332 munus
1838 2288 2024 2345 gesserit.

558 2358 792 2401 Fasciculus
824 2369 993 2415 quartus
1038 2369 1128 2403 test.
1174 2374 1234 2404 nr.
1281 2372 1452 2415 372-40
1495 2360 1640 2412 (269-
1660 2358 1748 2415 72),
1790 2372 1941 2414 parvus
1986 2369 2026 2401 et

419 2429 461 2472 in
507 2428 792 2484 manuscripto
836 2429 1013 2485 regestri
1062 2444 1192 2471 unum
1235 2439 1397 2471 tantum
1435 2427 1584 2470 folium
1625 2427 1693 2470 vel
1729 2427 1816 2471 fors
1860 2429 2026 2471 unicam

420 2498 627 2555 pagellam
650 2497 879 2555 complens,
900 2498 1018 2541 facile
1040 2514 1072 2541 a.
1100 2511 1206 2555 1213
1251 2497 1506 2551 adscribitur,
1548 2512 1647 2540 nam
1676 2498 1719 2540 in
1750 2509 1842 2541 test.
1874 2513 1936 2543 nr.
1973 2511 2024 2554 37
