2170 3210
447 132 493 178 64

444 276 546 321 dum
577 275 758 319 alterum
790 274 1097 327 testimonium,
1129 285 1231 318 nota
1262 274 1359 318 anni
1390 274 1615 332 signatum,
1645 275 1772 319 alium
1802 274 1881 319 sibi
1911 290 2068 319 annum

443 363 531 392 non
563 345 762 391 obtrudit.

582 417 695 461 Tam
726 416 894 461 facilem
925 417 1182 461 methodum
1214 416 1537 473 chronologiam
1558 416 1903 462 testimoniorum
1921 417 2071 474 singu-

443 490 583 534 lorum
614 487 773 547 figendi
804 488 924 532 facile
965 503 1133 548 quoque
1174 499 1264 532 erat
1308 499 1514 541 evertere,
1557 498 1776 546 totamque
1818 487 2071 533 methodum

443 561 613 604 inanem
645 559 882 604 ostendere.
922 559 1138 604 Decennia
1182 559 1279 603 dein
1323 570 1488 616 septem
1528 558 1731 603 transiere
1774 571 1899 618 atque
1941 574 2072 604 nemo

442 647 617 676 manum
648 631 837 675 admovit
867 620 1124 675 ¹testimoniis
1156 630 1221 674 his
1269 629 1571 687 chronologice
1616 628 1898 687 disponendis,
1941 629 2072 675 Diffi-

443 703 619 747 cultates
650 702 774 746 huius
806 702 947 760 operis
980 717 1130 746 omnes
1175 701 1468 756 abhorrebant,
1512 701 1601 744 imo
1641 701 1836 745 nonnulli
1877 701 2071 746 ordinem

445 773 803 831 chronologicum
824 773 889 817 his
908 773 1164 818 testimoniis
1186 773 1380 830 ingerere
1400 772 1566 830 penitus
1588 771 1894 829 impossibilem
1915 787 2074 817 assere-

443 845 555 899 bant,
597 845 781 889 maxime
822 844 994 903 quidem
1038 844 1087 887 ab
1135 860 1188 888 eo
1233 855 1440 902 tempore,
1484 858 1568 902 quo
1612 842 1872 887 Theodorus
1923 843 2073 897 Botka‚

444 916 577 960 solers
608 916 831 974 indagator
862 916 1064 960 historiae
1111 915 1366 973 Hungariae,
1396 915 1639 959 testimonia
1683 915 1788 959 haec
1828 915 2072 959 commixtis

443 987 596 1031 chartis
628 987 795 1031 lusoriis
827 987 975 1031 similia
1007 987 1222 1031 asseruit.l

581 1059 699 1102 Haec
730 1070 873 1102 tamen
904 1057 1140 1102 similitudo
1175 1068 1426 1116 exaggerata
1463 1068 1538 1102 est.
1581 1057 1685 1101 Non
1729 1057 1939 1107 eiusmodi
1981 1056 2074 1101 libri

586 1214 785 1248 Comitatus
823 1213 1001 1260 significat
1037 1212 1312 1260 provinciolam,
1351 1212 1407 1247 cui
1445 1224 1465 1246 a
1504 1219 1619 1247 castro
1654 1212 1895 1257 principatum
1923 1219 2070 1248 tenente

442 1283 587 1308 nomen.
615 1273 738 1308 comiti
765 1272 1069 1308 commendatam.

584 1332 717 1367 Comes
744 1332 883 1366 curialis
910 1332 1058 1366 alicuius
1085 1331 1226 1366 comitis
1252 1339 1312 1366 aut
1338 1331 1526 1366 comitatus
1551 1329 1726 1376 significat
1752 1330 1848 1366 vices
1873 1339 2069 1377 genentem

445 1391 585 1425 comitis
612 1401 670 1426 aut
697 1391 844 1426 alicuius
870 1390 1064 1437 optimatis.

583 1451 748 1485 Bilochus
774 1451 860 1495 (vox
886 1450 1053 1494 barbara)
1079 1450 1258 1496 significat
1282 1450 1437 1485 iudicem
1462 1460 1482 1483 a
1506 1460 1588 1495 rege
1615 1449 1799 1495 speciatim
1823 1449 1861 1484 in
1879 1449 2070 1485 comitatus

441 1510 600 1551 missam,
626 1511 684 1556 qui
710 1510 917 1556 praesertim
947 1519 1070 1544 causas
1097 1509 1304 1544 criminales
1328 1509 1516 1544 iudicabat.

584 1569 749 1615 Vojvoda
774 1568 857 1614 (vox
891 1570 1053 1611 barbara)
1091 1568 1265 1613 significat
1303 1568 1501 1603 incolarum
1539 1568 1746 1614 provinciae
1783 1567 2071 1616 Transsylvanae

442 1628 713 1664 belliductoretn
737 1628 844 1663 simul
870 1636 904 1664 et
929 1628 1095 1663 iudicem.

585 1688 702 1723 Banus
720 1687 805 1733 (vox
823 1688 986 1731 barbara)
1007 1687 1183 1734 significat
1208 1687 1336 1729 virum,
1362 1687 1420 1734 qui
1446 1687 1613 1733 antiquae
1632 1686 1847 1722 Sclavoniae
1861 1695 1895 1722 et
1909 1684 2071 1722 Croatiae

443 1755 616 1792 praeerat.

582 1806 760 1842 Executor
784 1807 906 1854 (quem
930 1807 1012 1842 loco
1038 1807 1137 1841 vocis
1164 1806 1335 1841 barbarae
1359 1805 1547 1852 pristaldus
1573 1820 1616 1834 =
1643 1805 1808 1851 poroszlo
1845 1804 2071 1850 adhibemus)

442 1865 618 1910 significat
646 1866 847 1901 adiutorem
872 1866 996 1901 iudicis
1022 1866 1060 1900 in
1085 1865 1224 1900 iudiciis
1249 1865 1475 1912 exequendis,
1490 1865 1584 1910 (plus
1602 1873 1689 1908 erat,
1706 1875 1814 1911 quam
1831 1864 1922 1910 apud
1936 1864 2072 1910 priscos

442 1924 627 1959 Romanos
654 1924 860 1971 apparitor).
910 1955 913 1958 ,

584 1983 789 2030 Capitulum
816 1984 994 2031 significat
1022 1984 1217 2029 collegium
1242 1983 1467 2019 sacerdotum
1492 1984 1614 2018 munia
1628 1983 1664 2017 in
1678 1982 1765 2018 aede
1778 1993 1878 2019 sacra
1902 1982 2071 2029 primaria

444 2042 664 2079 obeuntium.

583 2102 808 2149 praepositus
833 2104 1012 2149 significat
1037 2111 1142 2149 caput
1167 2102 1270 2137 huius
1297 2101 1449 2148 collegii.

585 2162 713 2197 Lector
739 2163 918 2209 significat
945 2163 1096 2198 alterum
1120 2162 1237 2197 virum
1263 2162 1367 2197 huius
1394 2161 1706 2207 collegii,iuvenes
1731 2159 1943 2195 lectionibus
1969 2161 2071 2196 insti—

441 2222 626 2259 tuentem'

585 2282 721 2317 Cantor
746 2281 921 2327 significat
947 2282 1063 2316 virum
1089 2281 1213 2316 ordine
1238 2281 1380 2316 tertium
1407 2279 1573 2326 Capituli,
1599 2279 1745 2314 iuvenes
1771 2279 1815 2314 ad
1854 2279 2071 2314 cantandum

443 2342 644 2376 docentem.

584 2400 750 2435 Notarius
777 2399 960 2445 significat,
988 2400 1087 2435 cuius
1121 2399 1281 2434 officium
1308 2407 1380 2434 erat
1417 2410 1472 2434 res
1507 2398 1758 2433 memorabiles
1783 2398 1873 2433 libro
1899 2397 2068 2432 distincto

442 2459 585 2501 inferre,
624 2459 719 2505 quod
745 2468 779 2494 et
805 2458 887 2494 fecit
914 2471 987 2494 non
1020 2459 1163 2505 quidem
1200 2459 1294 2494 notis
1331 2458 1548 2500 Tironianis‚
1588 2458 1650 2492 sed
1687 2467 1809 2492 tamen
1847 2457 2069 2504 aliquatenus

443 2519 719 2565 compendiariis
745 2519 781 2552 in
808 2519 1002 2566 archetypo
1029 2529 1171 2565 quoque
1197 2519 1396 2565 conspicuis
1434 2526 1578 2564 eratque
1615 2518 1775 2552 ordinate
1812 2528 1895 2552 cum
1935 2516 2066 2551 lectore

444 2578 570 2612 eadem
597 2589 759 2623 persona.

587 2636 598 2656 ¹
625 2637 807 2671 Szazadok
835 2636 934 2682 1872.
965 2647 1041 2681 545.
