2170 3210
1716 158 1785 194 231

137 292 292 337 marcis
336 307 413 337 eos
459 291 783 337 damnificasset.
816 291 878 335 Illi
918 290 1247 349 responderunt,
1285 290 1401 351 quod
1443 291 1792 349 praenominatus

139 364 367 410 Voiavoda
397 380 487 409 non
520 379 674 409 eorum
706 363 984 422 suggestione
1018 363 1248 423 quidquam
1281 363 1341 407 eis
1385 362 1674 416 subtraxisset,
1717 363 1794 409 sed

139 451 238 482 cum
270 448 385 482 esset
417 451 572 482 eorum
603 436 798 481 centurio
832 447 874 480 et
899 436 981 494 ipsi
1014 447 1264 489 castrenses,
1285 436 1565 480 castrensium
1585 436 1793 494 pensione

138 508 369 562 debitores,
405 523 485 567 pro
508 508 665 553 'debito
699 522 828 553 censu
861 519 1027 552 tantum
1058 506 1128 551 vel
1159 507 1274 551 forte
1317 507 1412 565 plus
1457 507 1507 552 ab
1554 508 1616 552 eis
1662 523 1792 553 acce-

138 581 280 638 pisset.
311 580 376 626 Illi
407 592 552 625 autem
586 591 762 625 econtra
794 579 952 633 dixere,
984 594 1030 624 se
1062 594 1151 623 non
1180 590 1419 623 castrenses
1440 594 1549 633 esse,
1568 579 1646 624 sed
1668 580 1794 624 castri

138 652 433 712 ioubagiones.
466 652 630 697 Tobias
660 653 804 711 igitur,
836 652 1005 697 curialis
1039 667 1187 696 comes
1220 651 1272 696 de
1306 652 1507 706 Zounuk,
1545 667 1622 696 eos
1646 663 1690 696 et
1709 667 1790 711 pro

137 724 296 770 damno
329 736 374 770 et
403 740 483 783 pro
518 724 769 770 conditione
801 724 1042 781 discutiens,
1077 724 1193 768 misit
1224 723 1491 768 Varadinum
1521 738 1598 782 per
1629 724 1792 782 pristal-

140 796 256 851 dum,
293 797 470 842 nomine
504 796 769 855 Stephanum
810 795 863 841 de
908 796 1006 840 villa
1049 796 1161 840 Mire
1205 796 1393 853 Acnaya.
1440 796 1577 850 Voca,
1620 807 1794 854 portato

138 868 268 923 ferro,
297 883 377 927 pro
410 885 455 914 se
489 881 533 914 et
564 884 644 927 pro
677 868 878 913 fratribus
900 868 986 913 suis
1011 867 1254 922 mundatUS,
1274 867 1485 926 probavit,
1506 883 1552 912 se
1575 879 1620 912 et
1642 868 1794 912 fratres

140 955 244 985 suos
276 951 321 986 et
353 956 429 986 sex
460 957 700 986 marcarum
734 941 918 999 dampna
949 939 1174 999 pertulisse
1196 951 1240 985 et
1262 955 1308 985 se
1337 956 1428 984 non
1449 952 1701 993 castrenses,
1720 940 1796 985 sed

137 1012 420 1072 ioubagiones
453 1014 579 1058 castri
612 1013 817 1059 extitisse.

788 1157 863 1202 Nr.
900 1171 998 1216 213.
1030 1157 1146 1218 (45.)

279 1240 476 1286 Absolon
508 1254 551 1286 et
588 1241 738 1299 Gyuri,
768 1241 844 1286 filii
874 1242 1098 1299 johachin‚
1120 1253 1163 1287 et
1192 1242 1416 1295 Solomun,
1440 1257 1573 1300 gener
1593 1241 1797 1286 eiusdem.

137 1313 415 1371 impetierunt
444 1313 778 1358 Numicolohod
809 1313 1156 1358 archidiaconum
1189 1326 1231 1358 et
1262 1313 1398 1358 filium
1432 1314 1522 1358 eius
1554 1313 1796 1358 Ladislaum

140 1396 185 1430 et
215 1384 391 1430 fratrem
423 1385 616 1431 eiusdem
648 1385 891 1430 Numhium
925 1397 969 1429 et
1000 1385 1133 1431 filium
1168 1386 1360 1430 eiusdem
1404 1385 1670 1440 Tiburcium,
1714 1386 1796 1429 hos

143 1472 296 1502 omnes
327 1457 380 1502 de
412 1457 512 1502 villa
542 1458 757 1513 Vosvari3
788 1458 894 1502 item
927 1458 1134 1515 Jacobum
1166 1457 1218 1503 de
1249 1457 1348 1503 villa
1378 1457 1542 1515 Achya,
1587 1457 1798 1502 Mikulam

144 1528 198 1574 de
228 1528 329 1574 'villa
359 1529 513 1584 Sadan,
545 1545 644 1575 cum
676 1529 766 1574 filio
803 1545 896 1585 suo,
927 1530 1145 1575 Andream
1178 1530 1230 1575 de
1262 1530 1360 1575 villa
1390 1530 1513 1588 Popi,
1535 1529 1796 1574 Michaelem

144 1601 197 1646 de'
227 1601 326 1646 villa
357 1601 509 1656 Chicu,
540 1602 793 1647 Cornelium
823 1602 876 1647 de
899 1603 996 1647 villa
1017 1602 1207 1658 Merluz3
1229 1602 1430 1647 Tenkam
1452 1602 1505 1646 de
1527 1601 1626 1646 villa
1648 1601 1798 1657 Maria,

145 1688 244 1717 cum
286 1672 453 1718 duobus
498 1674 793 1729 servientibus,
841 1674 1059 1719 Andream
1104 1686 1145 1718 et
1189 1674 1339 1719 Felten
1381 1673 1434 1719 de
1478 1673 1579 1718 villa
1623 1673 1799 1727 Monor,

140 1745 427 1800 Demetrium,
459 1757 503 1789 et
533 1746 694 1801 Narad,
725 1758 768 1790 et
799 1746 919 1791 Toul
951 1746 1003 1791 de
1036 1747 1134 1791 villa
1166 1746 1291 1804 Ylye,
1329 1757 1373 1790 et
1418 1761 1572 1790 omnes
1615 1745 1798 1790 villanos

145 1807 482 1862 udvornicorum
514 1817 567 1863 de
599 1818 691 1875 Er,²
722 1834 802 1877 pro
837 1818 988 1878 quibus
1020 1830 1267 1876 portaturus
1300 1830 1390 1862 erat
1422 1817 1585 1862 ferrum
1607 1817 1798 1875 Thepsa‚

145 1889 229 1933 hos
259 1890 435 1948 inquam
468 1904 623 1935 omnes
656 1890 933 1949 impetierunt
963 1890 1015 1935 de
1038 1890 1255 1935 occisione
1276 1890 1590 1948 praenominati
1610 1889 1800 1947 Joachin.

286 2032 297 2053 ¹
326 2034 424 2070 Cum
449 2035 512 2071 lite
537 2035 698 2082 impetiti
725 2036 953 2071 homicidam
981 2035 1176 2071 esan-tidini
1203 2035 1402 2082 producere
1430 2042 1659 2082 cogerentur,
1690 2046 1796 2081 appa-

139 2101 204 2134 ret,
221 2092 407 2130 domicilia
425 2105 554 2131 eorum
579 2096 616 2131 in
637 2096 797 2131 dioecesi
823 2095 1088 2131 Csanadinensi
1114 2107 1191 2131 esse
1218 2096 1435 2142 quaerenda.
1463 2096 1532 2131 Hic
1558 2096 1667 2142 igitur
1692 2096 1791 2129 inve·

140 2154 262 2190 nimus
287 2165 423 2201 pagum
447 2154 569 2191 Sadan
597 2156 710 2191 hodie
737 2155 1059 2203 Temes-Zsadziny
1090 2164 1126 2191 et
1163 2156 1300 2192 Monoi·
1337 2168 1435 2192 nunc
1460 2156 1594 2191 Munar
1630 2162 1796 2194 vocatos,

140 2212 261 2260 Pagus
286 2213 377 2261 Popi
402 2216 515 2251 serius
540 2216 629 2263 Papi
659 2216 751 2252 olim
778 2227 890 2263 penes
917 2216 1120 2252 Marusium
1150 2217 1315 2253 Aradino
1354 2217 1398 2252 ad
1437 2215 1670 2251 occidentem
1708 2215 1796 2249 situs

142 2280 219 2308 erat
256 2273 454 2322 habuitque
479 2276 644 2312 vicinum
677 2287 814 2323 pagum
839 2276 993 2323 Marjan,
1021 2277 1078 2312 cui
1105 2276 1191 2312 villa
1216 2277 1331 2312 Maria
1356 2277 1415 2312 hic
1443 2285 1661 2317 memorata,
1693 2276 1801 2310 unica

142 2332 270 2368 ultima
295 2333 397 2370 litera
422 2335 558 2378 demta,
586 2336 698 2381 plene
725 2337 912 2372 convenit.
944 2335 1083 2372 Villam
1108 2337 1239 2384 Achya
1277 2337 1371 2373 olim
1408 2338 1506 2372 iuxta
1543 2335 1667 2382 Fuged
1706 2336 1800 2370 inter

142 2392 247 2428 villas
273 2393 386 2440 Egres
412 2403 449 2430 et
475 2395 819 2443 Szerb-Szentpeter
846 2396 966 2439 fuisse,
993 2407 1107 2444 aeque
1134 2405 1277 2432 constat
1295 2397 1435 2444 (Pestyz
1454 2396 1587 2431 Krasso
1606 2397 1803 2442 vxirmegye

141 2453 336 2489 tonenete.
363 2454 421 2490 111.
448 2455 482 2490 k.
512 2455 617 2501 311.).
645 2455 765 2502 Pagus
790 2455 941 2491 Vasvari
968 2455 1151 2503 (Voswar)
1178 2458 1272 2492 circa
1297 2468 1328 2493 a.
1361 2466 1544 2503 1371—72
1572 2457 1611 2491 in
1629 2455 1800 2491 orientali

144 2520 246 2561 parte
272 2524 368 2549 com.
403 2513 539 2551 Temes
565 2515 686 2551 adhuc
713 2517 869 2551 occurrit
894 2515 1091 2558 (SzAzadok
1122 2526 1223 2563 1900.
1249 2516 1357 2560 611.).
1384 2516 1481 2551 Villa
1508 2515 1629 2551 Chiku
1667 2516 1802 2551 verosi·

144 2574 281 2610 militer
306 2574 437 2610 eadem
462 2582 526 2616 est,
554 2586 646 2622 quae
675 2576 788 2611 serius
817 2575 935 2611 Chika
961 2577 1126 2612 scribitur
1145 2584 1181 2612 et
1198 2577 1430 2613 occidentem
1448 2587 1573 2612 versus
1591 2587 1611 2611 a
1630 2574 1799 2622 Nagylak

145 2634 291 2670 exstitit.
319 2633 563 2671 Domicilium
589 2636 679 2671 sexti
708 2634 939 2678 fideiussoris,
966 2647 1080 2683 pagus
1098 2637 1267 2683 Kopdncs
1285 2642 1332 2682 (v.
1355 2636 1451 2672 infra
1471 2645 1599 2672 notam
1619 2635 1668 2681 6.)
1687 2646 1799 2682 aeque

142 2694 319 2729 dioecesis
345 2693 629 2730 Csanadinensis
656 2703 810 2742 partem,
837 2695 998 2732 Marusio
1024 2698 1254 2733 adiacentem
1279 2697 1457 2743 indigitat.
