2170 3210
1692 163 1754 199 305

114 290 302 336 dedisset
332 293 666 350 praenominatis
699 293 834 336 tribus
867 291 1077 345 fratribus,
1109 292 1205 337 filiis
1228 294 1411 338 scilicet:
1434 295 1546 339 Eliae
1568 311 1757 354 praeno-

113 364 204 418 tati,
236 375 280 408 et
311 363 527 409 Scedebur
558 365 602 409 in
633 379 876 419 commune,
906 365 978 419 ita,
1016 364 1146 424 quod,
1189 365 1390 424 quamdiu
1434 367 1523 425 ipse
1568 367 1758 413 Omocel

112 435 183 480 vel
214 451 323 481 uxor
356 452 431 481 sua
461 437 640 490 viveret,
672 436 886 495 praedicta
929 437 1088 495 portio,
1132 438 1239 483 sicut
1283 449 1419 492 antea,
1462 439 1564 483 iuris
1605 455 1758 485 eorum

114 519 252 563 esset3
283 508 353 553 vel
384 509 420 553 si
452 524 529 554 eos
561 508 795 554 haeredem
826 509 980 554 habere
1014 510 1298 568 contingeret,
1328 512 1374 555 in
1405 511 1469 555 ius
1500 511 1611 556 illius
1648 512 1757 557 hae-

111 578 223 625 redis
254 579 540 626 haereditario
571 582 662 626 iure
695 581 876 627 cederet.
911 581 956 625 Si
987 594 1132 626 tamen
1153 582 1278 627 ambo
1307 583 1397 627 sine
1418 583 1603 628 haerede
1625 584 1757 629 dece-

113 650 276 707 derent,
307 652 410 697 hac1
442 653 538 712 lege
571 654 614 697 in
645 654 709 697 ius
741 654 1063 698 nominatorum
1095 655 1301 713 quatuor²
1338 654 1516 700 fratrum
1538 657 1758 701 nominata

111 725 255 782 portio
289 724 603 771 deuolueretur.

742 846 818 892 Nr-
855 847 950 904 384
983 845 1129 906 (137·)

254 929 436 983 Ibrahin,
455 930 777 974 archidiaconus
798 929 851 974 de
872 930 1117 983 Zobuslou,³
1140 930 1353 989 quendam
1377 931 1756 987 adolescentulum,

109 1002 286 1047 nomine
326 1001 518 1056 Paulum,
547 1017 719 1046 servum
763 1017 900 1055 suurn,
943 1013 990 1046 ut
1032 1002 1121 1060 ipse
1163 1002 1280 1056 dixit,
1313 1003 1551 1061 emptitium
1598 1020 1751 1049 rnanu-

111 1075 240 1130 misit,
282 1076 356 1128 ita,
400 1086 461 1128 ut,
506 1073 707 1133 quamdiu
750 1074 839 1131 ipse
883 1074 1063 1128 viveret,
1106 1075 1146 1119 ei
1190 1075 1349 1119 servire
1394 1087 1626 1130 teneretur,
1657 1089 1756 1135 post

110 1157 297 1192 mortem
329 1158 472 1191 autem
502 1146 632 1204 ipsius
664 1146 722 1189 ita
755 1146 860 1190 liber
894 1145 1019 1199 foret,
1052 1158 1099 1190 ut
1132 1158 1174 1190 et
1204 1147 1295 1205 ipse
1340 1147 1495 1192 Paulus
1541 1160 1582 1192 et
1615 1150 1754 1194 omnis

111 1220 330 1278 generatio
373 1218 423 1263 ab
467 1219 622 1263 eodem
673 1233 931 1272 successura,
974 1218 1212 1278 ubicunque
1258 1220 1402 1274 vellet,
1447 1221 1647 1265 manendi
1692 1221 1754 1266 fas

109 1291 297 1337 haberet.

746 1411 821 1455 Nr.
858 1413 954 1468 385.
988 1411 1121 1470 (138.)

256 1500 392 1551 Teco,
423 1495 536 1540 filius
570 1495 770 1540 Thomae
803 1495 855 1539 de
887 1495 987 1539 villa
1019 1495 1279 1549 Debrezun‚4
1325 1508 1368 1541 et
1412 1497 1605 1541 sororius
1650 1498 1755 1554 eius,

107 1570 365 1626 Hemiricus,
396 1568 507 1613 filius
539 1568 736 1613 Mauricii
767 1567 820 1612 de
852 1567 951 1612 villa
981 1567 1079 1622 Zeb,
1109 1569 1338 1626 protestati
1359 1581 1458 1613 sunt
1477 1569 1615 1623 nobis,
1639 1570 1755 1626 quod

109 1658 208 1688 cum
239 1653 353 1686 esset
391 1641 687 1686 controversia
730 1641 842 1685 inter
884 1640 1001 1697 ipsos
1050 1639 1101 1684 de
1127 1640 1329 1699 ‘quadam
1373 1641 1533 1694 ancilla,
1576 1643 1754 1687 nornine

109 1713 364 1772 Chynchola
396 1725 440 1758 et
472 1713 637 1763 duabus
667 1711 858 1756 eiusdem
891 1711 1066 1766 filiabus,
1089 1712 1271 1757 scilicet:
1304 1712 1482 1767 Ancilla,
1516 1725 1558 1757 et
1581 1713 1754 1768 Cecilia,

107 1787 182 1843 ita,
214 1785 331 1846 quod
361 1784 601 1843 praedictus
636 1784 878 1828 Hemiricus
911 1783 1070 1828 diceret
1103 1800 1200 1828 curn
1232 1799 1368 1828 uxore
1401 1799 1475 1828 sua
1508 1785 1753 1840 conductas,

107 1857 232 1902 Teco
254 1872 360 1902 vero
383 1868 604 1918 assereret,
628 1856 800 1900 easdem
822 1872 845 1900 a
866 1855 1084 1914 praedicto
1108 1857 1277 1900 sororio
1301 1872 1394 1910 suo,
1414 1857 1540 1901 titulo
1564 1862 1753 1916 emptio-

108 1935 172 1975 nis
205 1929 429 1983 redemtas‚
461 1929 641 1974 consilio
665 1928 921 1972 arbitrorum
943 1927 1163 1972 videlicet:
1186 1928 1422 1984 Michaelis,
1442 1928 1518 1973 filii
1545 1930 1752 1974 Matthiae

108 2001 276 2047 comitis
309 2013 353 2046 et
385 2002 500 2046 Petri
531 2001 671 2045 fratris
705 2000 823 2044 Buch
856 2012 899 2044 et
942 2001 1121 2044 aliorum
1161 2001 1570 2059 conprovincialium
1615 2003 1754 2046 taliter

108 2075 222 2119 inter
239 2088 284 2118 se
308 2085 617 2126 convenerunt,
640 2072 758 2132 quod
778 2072 1124 2130 praenominatus
1147 2073 1387 2117 Hemiricus
1409 2074 1756 2131 praenominatas

107 2144 278 2190 ancillas
310 2145 500 2190 vendidit
538 2145 738 2189 sororio5
782 2159 874 2197 su0‚
913 2143 1130 2201 praedicto
1172 2144 1309 2199 Teco,
1353 2145 1563 2203 accipiens
1607 2145 1657 2189 ab
1702 2161 1755 2189 eo

110 2232 300 2262 marcam
331 2229 375 2262 et
407 2217 635 2262 fertonem.

253 2372 265 2395 ¹
292 2374 334 2409 In
361 2374 522 2410 editione
548 2374 712 2420 principe
738 2383 912 2408 erronee:
940 2384 991 2409 ac.

251 2433 265 2454 ²
290 2434 333 2469 In
359 2434 517 2469 editione
543 2434 727 2480 principe:
755 2440 934 2481 quattuor.

251 2493 266 2514 ⁸
291 2493 404 2529 Recte
428 2493 609 2529 Zoboulsu
637 2508 678 2522 --:
707 2493 886 2528 Szabolcs.

250 2554 266 2575 ⁴
291 2554 502 2589 Debreczen
530 2554 782 2599 municipium.

254 2613 268 2634 ⁵
293 2613 335 2648 In
363 2613 524 2649 editione
552 2614 714 2661 principe
740 2624 914 2649 erronee:
940 2625 1080 2650 socero,

1537 2766 1584 2791 20
