2170 3210
471 158 536 195 w4

1081 287 1158 331 Nr.
1196 288 1290 346 381.
1326 287 1471 347 (134.)

603 373 769 427 Paulus,
816 372 1005 416 seruiens
1054 371 1180 428 Tibe,
1231 371 1422 415 canonici
1469 371 1686 425 VacensiS‚
1732 371 1913 428 impetiit
1956 387 2091 431 quos-

463 445 560 489 dam
591 445 807 499 mulieres,
838 444 1019 487 scilicet:
1064 443 1194 488 Mizla
1237 454 1280 487 et
1326 443 1497 497 Vtalou,
1541 442 1696 496 dicens,
1741 442 1856 501 quod
1899 443 2092 488 ancillam

466 531 599 569 suam,
629 516 803 560 nomine
835 515 1049 568 Scereteu,
1081 515 1188 558 clam
1220 514 1369 558 abduci
1413 513 1622 560 fecissent.
1668 513 1814 568 Quod,
1858 529 1955 559 curn
1995 514 2091 560 illae

462 598 705 645 negassent,
734 597 996 631 memoratus
1028 586 1181 629 Paulus
1212 585 1376 630 induxit
1410 585 1635 644 quendam,
1668 586 1845 629 nomine
1882 586 2092 640 Paridem,

466 659 535 717 qui
567 659 606 702 ei
638 657 690 702 de
723 657 835 701 facto
867 657 1032 701 illarum
1064 669 1344 715 suggesserat.
1378 656 1512 711 Quod
1551 672 1648 700 cum
1689 656 1778 714 ipse
1821 657 1938 700 Paris
1981 672 2090 702 con-

463 740 623 773 stanter
656 741 804 773 contra
835 728 926 772 illas
960 740 1179 781 assereret,
1211 728 1401 781 Brictius,
1434 728 1657 785 episcopus
1700 728 1932 781 Vaciensis,
1961 743 2088 786 prae-

461 801 729 845 nominatam
759 800 933 844 Mizlam
964 811 1007 844 et
1038 799 1233 843 Paridem
1264 800 1380 843 misit
1411 799 1674 843 Varadinum
1706 799 1758 843 ad
1789 814 1967 843 examen
1989 798 2090 845 ferri

461 872 690 925 candentis,
728 872 798 915 ubi
829 871 930 925 illa,¹
963 882 1131 928 portato
1164 870 1278 914 ferro
1310 886 1389 927 pro
1423 886 1468 914 se
1502 882 1544 914 et
1582 885 1660 928 pro
1706 870 1875 914 domina
1919 870 2091 924 Vtalou,

462 943 683 988 combusta
715 955 791 989 est.

1083 1037 1160 1082 Nr.
1197 1038 1289 1095 382.
1323 1035 1468 1096 (135.)

600 1121 829 1179 Philippus,
860 1121 970 1164 filius
1002 1121 1177 1176 Cosme,
1209 1120 1450 1164 manumisit
1472 1119 1683 1178 quendam
1703 1119 1945 1163 libertinum
1965 1134 2089 1162 suum

458 1193 633 1237 nomine
656 1194 743 1249 Zup
764 1208 860 1236 cum
883 1191 978 1235 filiis
1002 1192 1099 1245 suis,
1130 1191 1242 1235 Both
1274 1203 1316 1235 et
1349 1191 1462 1244 Bata,
1482 1191 1609 1235 talem
1632 1191 1690 1234 eis
1713 1190 1935 1234 conferens
1956 1190 2088 1234 liber-

459 1275 605 1318 tatem,
635 1275 682 1307 vt
715 1279 840 1322 quam
871 1263 962 1320 ipsi,
993 1274 1079 1306 tam
1114 1263 1252 1306 omnis
1285 1263 1506 1320 generatio
1540 1262 1589 1306 ab
1631 1262 1791 1307 eisdem
1834 1276 2089 1312 successura,

457 1335 693 1393 ubicunque
725 1334 894 1387 vellent,
926 1333 1124 1378 manendi
1156 1333 1217 1377 fas
1249 1334 1465 1377 haberent,

1097 1548 1453 1594 Annus1235.

946 1641 1202 1701 (383—389
1235 1665 1291 1678 =
1330 1641 1597 1701 Ι36-142-)

1076 1749 1153 1794 Nr.
1191 1751 1284 1808 383.
1318 1747 1457 1808 (136.)

598 1832 726 1876 Anno
759 1832 891 1877 Verbi
909 1833 1111 1876 incarnati
1132 1832 1360 1876 millesimo
1383 1831 1677 1876 ducentesimo
1698 1832 1912 1876 tricesimo
1936 1831 2083 1890 quinto

454 1915 659 1960 regnante
692 1904 1002 1961 gloriosissimo
1035 1919 1136 1961 rege
1170 1903 1351 1955 Andrea,
1391 1902 1622 1947 venerabili
1666 1901 1910 1955 BenedictO,
1945 1902 2086 1947 Vara-

455 1972 589 2017 diensi
621 1976 834 2032 episcopo,
865 1975 1103 2032 Dyonysio,
1134 1975 1289 2018 comite
1322 1974 1526 2028 Palatino,
1569 1974 1784 2030 Stephano
1828 1973 2090 2022 Bichoriensi

453 2047 612 2090 comite
645 2046 865 2100 existente,
896 2047 1074 2099 Aniano,
1106 2046 1265 2090 lectore
1289 2058 1331 2089 et
1352 2046 1520 2089 notario
1542 2044 1803 2097 Varadiensi,
1823 2044 1980 2088 factum
2002 2056 2085 2088 est:

458 2117 574 2177 quod
605 2110 805 2170 Omocel,
837 2117 946 2160 filius
979 2118 1163 2172 Joannis,
1196 2132 1292 2160 cum
1324 2128 1440 2160 esset
1473 2117 1562 2160 sine
1595 2116 1713 2160 omni
1743 2115 1939 2168 haerede,
1981 2130 2087 2173 pro-

454 2200 633 2233 testatus
666 2200 744 2232 est
763 2188 886 2232 nobis
919 2199 1135 2242 oretenus,
1168 2187 1283 2246 quod
1314 2187 1454 2231 filios2
1489 2187 1627 2231 fratris
1658 2188 1725 2231 sui
1754 2187 1881 2240 Eliae,
1911 2187 2087 2230 Petrum

455 2260 612 2305 scilicet
644 2271 685 2303 et
718 2259 956 2317 Georgium
987 2270 1112 2318 atque
1143 2259 1388 2312 Matthiam,
1424 2270 1467 2302 et
1500 2257 1711 2317 quendam
1732 2256 1983 2301 eorumdem
2005 2271 2087 2299 co-

456 2343 646 2388 gnatum,
684 2330 856 2374 nomine
889 2330 1089 2383 Sedebur,
1121 2329 1231 2373 filios
1264 2329 1340 2373 sibi
1370 2329 1529 2373 faciens
1565 2328 1802 2385 adopt-iuos,
1841 2327 2083 2385 portionem

456 2417 588 2455 suam,
622 2416 728 2460 quae
762 2413 826 2445 est
856 2416 1003 2445 versus
1035 2401 1255 2445 ecclesiam
1287 2401 1419 2445 sancti
1450 2401 1581 2456 Petri,
1619 2400 1670 2444 de
1715 2411 1826 2443 terra
1869 2399 2083 2443 Cornust³

601 2532 613 2552 ¹
640 2534 785 2568 Scilicet
811 2533 929 2568 Mizla.

596 2591 609 2611 ²
634 2592 675 2626 In
702 2592 860 2627 editione
886 2593 1047 2639 principe
1072 2603 1243 2628 erronee:
1271 2591 1375 2627 filius.

593 2652 606 2672 ³
631 2653 745 2698 Supra
777 2663 829 2686 nr.
859 2661 912 2696 51.
