2170 3210
1705 158 1754 193 99

106 289 337 335 violentiae
377 291 654 346 accusatum).
692 289 777 334 Sed
808 289 880 349 qui
912 301 1091 334 eventus
1125 301 1169 333 et
1213 289 1524 334 vicissitudines
1571 305 1603 335 a.
1642 303 1755 335 1222

108 361 274 406 abunde
306 362 441 415 novit,
471 362 530 406 nil
561 361 802 406 mirandum
833 362 877 405 in
909 361 994 407 hoc
1025 362 1226 406 inveniet.

255 494 576 546 Testimonia
595 513 667 546 nr.
689 512 960 564 345-—355
984 497 1033 563 (3
1049 494 1319 563 34——344)
1340 494 1516 563 scripta
1532 514 1570 548 a.
1607 499 1756 550 1226.

254 590 431 634 Fascem
466 590 579 635 hunc
611 590 961 635 testimoniorum
994 589 1192 634 undecim
1214 605 1303 633 non
1326 602 1424 634 ante
1464 594 1574 635 1226
1598 607 1757 636 annum

113 663 317 721 scriptum
349 662 582 707 ostendunt
614 673 709 707 test.
742 678 805 706 nr.
844 662 926 720 348
960 673 1005 706 et
1041 676 1122 721 349
1157 663 1262 721 (337
1299 673 1341 705 et
1376 663 1493 721 338),
1524 663 1759 708 secundum

115 750 224 795 quae
256 750 402 780 causas
441 734 658 780 Ladislaus
689 735 817 780 iudex
850 736 991 779 curiae
1024 745 1067 778 et
1087 749 1235 779 comes
1270 734 1503 778 Baesiensis
1525 734 1760 781 dirimebat.

113 808 205 852 Iam
235 823 341 852 vero
374 807 592 851 Ladislaus
636 807 775 851 solum
822 822 859 853 a.
919 808 1029 851 1226
1078 821 1234 850 munus
1278 821 1404 850 suum
1448 807 1762 852 secundarium‘

118 879 288 925 comitis
311 879 474 924 scilicet
497 879 748 933 BaesiensiS,
757 878 941 923 obtinuit
963 882 1094 934 (anno
1133 891 1259 936 1225,
1279 878 1550 923 documentis
1572 881 1764 924 testanti-

117 952 195 996 bus
227 951 364 996 adhuc
396 951 603 995 comitem
634 951 899 996 Nitriensem
931 951 1044 1009 egit).
1078 949 1162 995 Sed
1195 949 1412 994 Ladislaus
1435 950 1535 995 dein
1552 967 1629 995 sex
1652 967 1763 996 con-

118 1024 248 1068 tinuis
281 1023 401 1068 annis
433 1023 598 1077 iisdem,
629 1038 736 1082 quae
768 1034 862 1068 test.
895 1038 957 1067 nr.
994 1023 1077 1081 348
1111 1034 1153 1066 et
1187 1037 1269 1080 349
1293 1022 1496 1078 referunt,
1518 1024 1765 1068 muneribus

120 1095 388 1155 fungebatur,
420 1095 614 1154 adeoque
662 1094 793 1139 libera
842 1094 964 1139 nobis
1014 1093 1184 1138 videtur
1231 1094 1416 1153 eligendi
1462 1095 1651 1150 facultas,
1695 1097 1768 1156 qui

120 1168 406 1227 opportunior
437 1167 559 1212 nobis
592 1183 645 1211 ex
678 1168 743 1211 his
777 1183 851 1211 sex
884 1167 1003 1211 annis
1035 1167 1185 1224 placet.
1217 1168 1276 1211 At
1308 1166 1360 1212 de
1383 1182 1459 1211 sex
1481 1168 1600 1212 annis
1633 1167 1766 1212 dimi-

122 1240 240 1285 dium
271 1239 472 1298 decerpit,
504 1251 600 1285 test.
639 1255 699 1285 nr.
723 1254 802 1298 355
830 1240 952 1299 (344)
986 1238 1254 1293 declarando,
1286 1239 1558 1284 Desiderium
1590 1241 1767 1298 episco-

121 1327 225 1371 pum
257 1312 601 1357 Chanadiensem
631 1312 902 1370 procuratori
934 1327 1012 1355 suo
1057 1311 1249 1355 veritatis
1288 1312 1607 1370 indagationem
1640 1328 1767 1356 com-

120 1383 357 1428 mendasse.
391 1384 637 1429 Desiderius
669 1384 739 1428 hic
771 1383 855 1428 fine
887 1384 985 1428 anni
1023 1383 1134 1427 1228
1167 1395 1357 1428 mortem
1399 1384 1579 1442 oppetiit
1624 1385 1769 1443 sicque

122 1457 309 1514 spatium
353 1471 577 1510 annorum,
623 1455 771 1516 quibus
812 1456 935 1499 fascis
984 1455 1053 1498 hic
1099 1456 1303 1514 assignari
1346 1456 1495 1514 possit,
1539 1456 1592 1500 ad
1635 1472 1770 1501 annos

127 1529 359 1573 1226-28
392 1528 619 1574 reducitur.

267 1600 416 1655 Quare
450 1612 595 1645 tamen
626 1600 787 1645 fascem
820 1600 931 1644 hunc
965 1599 1314 1643 testimoniorum
1335 1615 1368 1644 a.
1396 1603 1506 1644 1226
1530 1612 1573 1644 et
1597 1600 1772 1659 quidem

125 1671 268 1717 medio
302 1673 427 1717 huius
460 1673 559 1717 anni
590 1672 774 1717 tribuere
808 1687 889 1716 nos
922 1672 1129 1729 oportet?
1157 1671 1293 1715 Huius
1325 1672 1387 1715 rei
1420 1684 1719 1730 argumentum
1747 1688 1772 1717 e

126 1755 224 1791 test.
255 1760 315 1789 nr.
353 1758 433 1803 345
470 1745 606 1803 (334),
637 1745 822 1802 primum
855 1744 1001 1788 locum
1038 1743 1082 1786 in
1113 1743 1199 1786 hoc
1231 1743 1345 1787 fasce
1393 1743 1619 1800 obtinenti,
1648 1744 1772 1789 duci-

127 1831 236 1863 mus,
267 1817 407 1861 Litem
448 1817 563 1861 enim
596 1816 651 1860 ob
684 1816 844 1860 ablatos
894 1827 1067 1859 centum
1106 1830 1265 1873 porcos
1299 1827 1477 1868 motam,
1520 1817 1564 1860 in
1605 1817 1774 1876 hocque

130 1889 385 1933 testimonio
418 1900 632 1933 narratam
663 1889 783 1932 Mike
828 1888 975 1945 (Mica)
1016 1902 1164 1932 comes
1211 1887 1467 1932 Bihariensis
1512 1888 1776 1934 diiudicabat.

130 1961 264 2014 Mike,
282 1973 329 2005 ut
342 1959 540 2013 vidimuS,
554 1971 764 2018 tempore,
775 1975 862 2018 quo
876 1960 1095 2011 Nicolaus‚
1107 1958 1221 2003 filius
1232 1960 1376 2014 Barcz,
1390 1975 1556 2004 summa
1573 1960 1776 2019 dignitate

129 2033 302 2091 palatini
332 2033 468 2091 prima
498 2032 570 2076 vel
603 2032 734 2076 altera
766 2034 858 2077 vice
891 2032 1050 2085 floruit,
1083 2032 1202 2076 annis
1242 2045 1489 2089 1219—-22,
1517 2033 1774 2077 inconcusse

131 2104 301 2149 honore
335 2105 505 2149 comitis
539 2105 794 2149 Bihariensis
813 2104 1043 2158 fruebatur,
1064 2103 1140 2148 sed
1162 2104 1301 2161 Gyula
1324 2103 1376 2148 ad
1396 2120 1609 2148 summam
1632 2104 1776 2162 digni-

132 2188 267 2222 tatem
297 2177 469 2235 palatini
500 2177 791 2234 perveniente,
835 2177 943 2220 sicut
989 2191 1101 2220 anno
1151 2178 1276 2232 1216,
1323 2177 1383 2219 sic
1428 2177 1558 2220 etiarn
1591 2193 1624 2221 a.
1664 2190 1777 2220 1222

133 2264 288 2293 munus
335 2264 459 2293 suum
507 2248 669 2293 tamdiu
713 2260 882 2307 gestum
930 2248 1083 2301 amisit,
1127 2259 1252 2307 atque
1299 2259 1396 2292 toto
1442 2260 1653 2306 tempore,
1691 2263 1778 2306 quo

135 2320 275 2378 Gyula
306 2321 538 2379 palatinum
570 2321 701 2365 altera
732 2322 816 2364 iam
839 2321 931 2364 vice
955 2320 1054 2378 egit,
1076 2320 1146 2364 alii
1167 2321 1335 2365 muneri
1358 2321 1530 2364 comitis
1554 2320 1779 2364 Biharien-

137 2392 192 2436 sis
224 2391 509 2450 praefuerunt.
542 2392 586 2436 Si
618 2393 792 2437 ulterius
826 2392 1032 2450 regimina
1064 2391 1247 2436 aliorum
1266 2393 1552 2450 palatinorum
1574 2407 1777 2450 perscru-

136 2476 288 2518 tamur,
319 2464 527 2518 videmus,
558 2476 768 2523 tempore,
800 2480 886 2524 quo
910 2464 1130 2508 Dionisius
1152 2463 1262 2508 filius
1280 2464 1407 2522 Apod
1428 2464 1635 2522 dignitate
1658 2463 1780 2521 pala-

137 2536 215 2580 tini
245 2535 459 2594 praeditus
499 2547 602 2590 erat,
646 2536 888 2590 Nicolaum,
933 2537 1111 2580 nomine
1165 2535 1380 2594 gentilitio
1430 2535 1557 2589 Csak,
1603 2550 1781 2579 munere

140 2608 309 2653 comitis
341 2607 600 2653 Bihariensis
632 2608 729 2662 frui,
761 2623 858 2652 cum
890 2623 997 2652 vero
1030 2608 1139 2666 Majs
1177 2619 1409 2665 provectus
1460 2619 1524 2651 est
1570 2606 1623 2650 ad
1654 2606 1782 2651 fasti-

140 2680 259 2738 gium
291 2678 510 2738 dignitatis
542 2680 727 2737 palatini,
758 2680 848 2738 ipse
881 2679 959 2723 sibi
989 2694 1069 2737 pro
1093 2679 1344 2724 secundario
1366 2694 1545 2724 munere
1567 2679 1783 2723 honorem

1596 2766 1639 2810 7*
