2170 3210
451 151 520 197 238

1094 306 1169 351 Nr.
1204 308 1303 351 226.
1335 307 1437 365 (96.)

588 389 812 433 Ministerl
846 390 957 447 regis
989 388 1040 434 de
1074 389 1170 435 villa
1202 390 1343 434 Tivan
1375 402 1417 434 et
1448 390 1499 434 de
1533 389 1632 434 villa
1664 390 1755 434 Tot
1787 402 1830 435 et
1862 402 1951 435 tota
1976 405 2083 450 pro-

451 460 588 504 vincia
621 460 674 504 de
709 461 937 518 Quemey2
967 461 1190 506 vociferati
1222 473 1320 506 sunt
1342 477 1486 506 coram
1506 462 1688 506 Nicolao
1709 461 1901 506 Palatino
1923 463 2080 508 comite

453 543 602 575 contra
634 531 760 576 fures,
793 532 855 576 Ex
882 532 1030 591 quibus
1052 545 1138 577 tres
1159 532 1359 578 homines
1383 533 1511 587 Shak,
1531 533 1711 578 scilicet:
1734 532 1873 587 Voda,
1891 533 2082 588 Queren,

450 613 492 646 et
522 602 697 660 Andreaed²
730 604 851 661 (εἰς)3
882 603 935 648 de
967 604 1066 648 villa
1099 604 1283 661 Scerep⁴=
1315 604 1485 648 fuerunt
1516 605 1720 649 Varadini
1751 619 1848 649 cum
1878 604 2080 662 pristaldo

449 690 615 728 eorum,
645 675 820 719 nomine
864 675 1017 720 Toma.
1062 675 1264 729 Quorum
1318 675 1443 720 Voda
1486 675 1732 720 combustus
1784 687 1861 722 est.
1905 676 2081 731 Queren

449 745 676 790 mundatus
709 757 784 791 est.
816 746 990 803 Andree
1020 762 1125 791 vero
1152 746 1396 791 infirmitate
1427 746 1695 804 praepeditus
1727 746 1886 791 ferrum
1910 758 2080 805 portare

448 816 517 860 illa
559 817 650 861 vice
694 832 783 862 non
825 818 981 876 posuit,
1024 817 1111 871 sed,
1149 829 1317 876 recepta
1348 818 1539 872 sanitate,
1570 818 1620 863 ab
1651 818 1806 862 eodem
1835 817 1975 863 iudice
2005 833 2080 877 per

448 887 633 932 eundem
662 887 910 946 pristaldum
931 888 984 932 ad
1005 888 1260 946 portandum
1283 888 1465 933 candens
1487 889 1648 933 ferrum
1669 888 1912 946 destinatus,
1938 889 2079 934 Vara-

448 959 594 1003 dinum
614 974 703 1003 non
723 960 840 1004 venit
859 972 901 1003 et
923 959 1149 1004 adversarii
1181 960 1284 1014 eius,
1316 960 1415 1004 dato
1448 959 1663 1019 suffragio,
1693 971 1969 1005 recesserunt.

1085 1107 1160 1151 Nr.
1194 1121 1293 1165 227.
1326 1107 1441 1167 (97.)

582 1190 737 1234 Villani
770 1191 953 1248 Kenesy,
985 1190 1166 1235 scilicet:
1202 1192 1373 1244 Kerew,
1403 1190 1532 1245 Uruz,
1563 1191 1701 1235 Micus
1734 1203 1776 1235 et
1819 1206 1970 1236 omnes
2008 1191 2078 1236 alii

445 1261 498 1306 de
530 1263 749 1319 provincia
779 1262 963 1306 Doboka
994 1261 1267 1320 litigaverunt
1288 1277 1435 1306 coram
1456 1262 1730 1316 Turdemetz‚¹
1753 1262 1898 1307 curiali
1919 1263 2076 1307 comite

445 1333 499 1377 de
532 1333 684 1385 Canar,
716 1349 813 1377 cum
845 1332 1007 1377 villanis
1040 1334 1208 1386 Peleka,
1240 1334 1422 1378 scilicet:
1456 1335 1646 1386 Turuzo‚
1686 1333 1906 1392 Jolegven,
1948 1334 2076 1391 Gyok

443 1415 489 1448 et
521 1404 608 1448 aliis
641 1419 720 1461 pro
754 1415 865 1448 terra
897 1403 950 1448 ad
981 1403 1066 1448 duo
1089 1416 1238 1457 aratra,
1261 1415 1304 1449 et
1321 1404 1510 1448 ducentis
1534 1405 1703 1462 capetiis
1725 1404 1907 1463 frugum,
1923 1404 2074 1449 dicen-

445 1486 522 1528 tes,
558 1475 674 1534 quod
705 1475 821 1519 illam
849 1486 1006 1520 terram
1025 1475 1237 1520 violenter
1259 1487 1516 1533 occupantes
1539 1475 1785 1530 coluissent3
1805 1475 1947 1520 villani
1967 1491 2072 1520 vero

443 1545 497 1590 de
529 1546 717 1591 Pelenka
749 1546 1086 1605 responderunt:
1120 1547 1236 1606 quod
1268 1559 1377 1591 terra
1395 1547 1519 1591 castri
1538 1559 1582 1591 et
1600 1547 1771 1605 propria
1789 1558 1900 1591 terra
1921 1561 2073 1591 eorum

444 1629 568 1662 esset.
603 1618 728 1672 Quos
759 1618 996 1675 praedictus
1027 1618 1154 1662 iudex
1186 1618 1429 1662 Turdemez
1462 1618 1690 1663 discutiens
1721 1632 1797 1676 per
1827 1618 2072 1675 pristaldum

442 1688 573 1745 Ochy
605 1689 657 1733 de
687 1689 785 1733 villa
817 1690 1002 1743 Scenta‚⁵
1031 1690 1144 1733 misit
1164 1689 1217 1733 ad
1236 1705 1415 1734 examen
1436 1689 1536 1734 ferri
1555 1689 1828 1743 Varadinum,
1846 1688 1916 1733 ubi
1936 1688 2071 1733 homo

444 1759 699 1804 villanorum
731 1761 902 1814 Kenesi‚
932 1761 1106 1804 nomine
1138 1761 1305 1814 Petrus,
1336 1760 1581 1804 combustus
1614 1771 1691 1804 est.

1085 1903 1160 1948 Nr.
1194 1904 1292 1946 228.
1325 1904 1431 1959 (98.)

583 1985 830 2038 Guttredus,
860 1985 1139 2043 praepositus,
1168 1985 1351 2042 impetiit
1389 1985 1611 2029 Simonem
1656 1996 1698 2029 et
1742 1985 1949 2029 Briccium
1989 1999 2067 2042 pro

440 2055 600 2100 damno
625 2056 873 2114 *quindecim
905 2072 1140 2100 marcarum
1173 2056 1382 2100 violenter
1414 2055 1540 2110 fact0‚
1570 2055 1709 2100 iudice
1741 2055 1893 2108 Tobia,
1924 2055 2067 2100 curiali

442 2127 599 2171 comite
632 2126 683 2171 de
715 2128 907 2181 Zounuk,
928 2127 1132 2185 pristaldo
1155 2127 1336 2171 Matthia
1357 2127 1408 2171 de
1429 2127 1527 2171 villa
1542 2127 1702 2172 Dobur.
1725 2127 1814 2181 Qui
1836 2127 1888 2171 ad
1908 2126 2067 2171 ferrum

442 2197 702 2251 Varadinum
734 2198 879 2242 directi
912 2198 1050 2243 taliter
1083 2209 1390 2251 conuenerunt,
1421 2209 1467 2241 ut
1490 2198 1640 2241 Simon
1659 2208 1701 2241 et
1721 2198 1897 2242 Brictius
1917 2197 2064 2242 darent

585 2358 596 2379 ¹
622 2359 692 2403 Sic,
718 2368 784 2405 pro
808 2358 965 2394 ministri
989 2359 1047 2394 vel
1074 2358 1335 2394 ministeriales.

582 2417 595 2437 ²
622 2417 872 2460 Territorium,
898 2418 1142 2453 archidiaconi
1181 2418 1225 2453 de
1263 2418 1389 2463 Kemej
1428 2418 1494 2453 iuri
1532 2418 1745 2460 obnoxium,
1783 2417 2063 2463 intelligendum

438 2478 550 2519 venit,
576 2478 674 2523 quod
699 2489 719 2512 a
745 2488 838 2524 pago
865 2477 1093 2512 Tisza-Abad
1117 2488 1239 2513 versus
1264 2477 1424 2523 Karczag
1448 2484 1655 2523 porrectum
1681 2485 1766 2512 erat.

582 2537 595 2557 ³
620 2537 765 2572 Rectius
790 2536 953 2572 Andreas
978 2546 1038 2571 aut
1063 2537 1192 2572 Endre.

581 2596 595 2615 ⁴
621 2597 761 2643 Szerep,
787 2596 878 2631 olim
903 2597 942 2631 in
968 2608 1062 2631 com.
1090 2595 1267 2638 Szabolcs‚
1294 2606 1391 2631 nunc
1418 2595 1534 2630 Bihar.

583 2656 596 2675 ⁵
621 2655 754 2691 Csente
779 2666 890 2702 pagus
917 2656 1108 2691 comitatus
1135 2655 1301 2690 Doboka.
