2170 3210
1699 153 1766 188 255

118 287 174 334 de
207 287 304 333 villa
325 288 573 333 Tauornuk.
598 288 766 343 Quibus
787 304 810 332 a
833 288 994 332 comite
1019 287 1175 350 Gyula¹
1204 302 1281 345 per
1306 285 1573 345 pristaldum‚
1593 287 1769 331 nomine

121 359 486 419 Cristophorum?
520 359 573 405 ad
616 359 820 405 iudicium
851 358 954 404 ferri
986 358 1207 403 candentis
1240 357 1504 403 Varadinum
1536 357 1769 411 destinatis,

123 432 474 491 praenominatus
519 431 764 490 Moynokh,
810 430 1047 475 secundum
1097 430 1353 475 sententiam
1403 430 1552 474 iudicis
1597 441 1770 488 portato

123 502 255 558 ferro,
286 504 534 548 combustus
568 515 644 550 est.

771 629 845 675 Nr.
880 643 978 688 273.
1012 628 1123 688 (22.)

270 725 406 771 Camb
437 726 620 784 impetiit
651 725 833 770 Paulum
866 724 918 770 de
952 724 1115 769 duabus
1147 725 1315 778 marci5‚
1353 735 1396 768 et
1439 736 1613 783 portato
1658 724 1773 769 ferro

126 797 345 852 Varadini‚
406 796 660 843 iustificatus
723 811 801 851 est,
857 796 996 841 iudice
1064 797 1256 842 Martino
1319 796 1509 850 Comite,
1570 795 1772 854 pristaldo

124 869 306 914 domino
340 869 501 915 Budud.

768 995 845 1040 Nr.
879 1008 978 1053 274.
1010 993 1127 1054 (23.)

267 1091 427 1136 Medue
459 1091 513 1137 de
544 1091 642 1136 villa
674 1091 782 1136 Ka1³
813 1091 997 1149 impetiit
1030 1090 1322 1135 Alexandrum
1345 1089 1398 1134 de
1420 1088 1521 1135 villa
1542 1089 1655 1134 Zub4
1677 1105 1774 1134 cum

122 1163 258 1208 tribus
289 1163 572 1208 seruientibus
606 1163 710 1217 eius,
741 1163 849 1208 item
880 1163 1108 1221 Legerum,
1139 1162 1329 1207 Vitalem
1359 1174 1404 1206 et
1448 1162 1680 1220 Gyroltum
1722 1161 1775 1206 de

125 1234 224 1280 villa
255 1235 444 1280 Libecii⁵
476 1250 557 1294 pro
579 1235 800 1280 occisione
822 1235 952 1293 patris
972 1235 1053 1288 sui,
1075 1234 1274 1288 Forcasii,
1297 1249 1446 1279 coram
1467 1235 1596 1292 Myca
1617 1234 1776 1278 comite

125 1307 370 1361 Bicoriensi,
401 1307 563 1352 scilicet
594 1306 733 1352 iudice
772 1306 822 1351 ab
866 1306 1039 1351 Andrea
1082 1321 1184 1365 rege
1230 1305 1444 1365 delegato.
1492 1307 1618 1361 Quos
1661 1305 1777 1350 idem

124 1378 252 1424 iudex
277 1394 355 1437 per
385 1379 648 1438 pristaldum,
681 1379 855 1424 nomine
888 1378 1119 1436 Gylianum
1150 1378 1203 1423 de
1234 1378 1332 1423 villa
1363 1378 1516 1432 Vruz,⁶
1560 1378 1675 1423 misit
1724 1377 1777 1422 ad

125 1451 328 1498 iudicium
359 1451 462 1496 ferri
493 1450 711 1497 candentis
743 1450 1018 1495 Varadinum.
1054 1449 1152 1504 Vbi,
1183 1450 1409 1508 impetrata
1451 1450 1622 1495 licentia
1665 1450 1777 1508 regis

124 1534 172 1568 et
202 1523 514 1582 praenominati
544 1522 708 1577 iudicis,
738 1523 949 1580 pacificati
980 1534 1078 1566 sunt
1109 1534 1154 1566 et
1185 1534 1339 1567 mutuo
1361 1523 1604 1567 iuramento
1627 1537 1779 1580 pacem

125 1594 416 1653 firmauerunt,
450 1608 493 1640 et
525 1594 770 1640 Alexander
804 1595 1007 1640 conuenit
1040 1594 1285 1639 satisfacere
1317 1594 1445 1639 iudici
1490 1605 1532 1639 et
1574 1594 1620 1638 in
1662 1593 1777 1639 festo

127 1666 342 1712 Omnium
374 1666 662 1711 Sanctorum⁷
696 1666 797 1711 dare
831 1666 1076 1711 aduersario
1109 1680 1188 1711 suo
1220 1682 1381 1712 nouem
1413 1682 1577 1711 marcas
1609 1677 1654 1711 et
1691 1678 1779 1711 tres

125 1737 331 1797 pristaldo
364 1737 569 1783 Varadini
612 1738 740 1783 simul
782 1754 861 1796 pro
906 1754 951 1782 se
996 1750 1039 1783 et
1083 1753 1161 1796 pro
1207 1738 1488 1783 seruientibus
1531 1738 1631 1790 suis,
1672 1739 1778 1783 item

125 1810 265 1869 Leger
297 1809 400 1854 duas
431 1825 594 1855 marcas
627 1810 873 1855 aduersario
906 1809 1060 1864 eidem,
1105 1822 1146 1855 et
1190 1826 1320 1855 unam
1362 1810 1580 1869 pristaldO,
1623 1809 1779 1867 Gyrolt

125 1893 311 1941 quatuor
341 1897 518 1933 marcas,
552 1881 725 1926 dimidia
756 1882 909 1936 minuS‚
941 1894 984 1926 et
1030 1898 1157 1926 unam
1201 1882 1404 1941 pristaldo
1447 1894 1491 1927 et
1534 1882 1778 1927 satisfacere

127 1952 267 2007 iudici,
299 1954 409 1998 sicut
439 1953 593 2013 Leger,
625 1953 780 1999 Vitalis
813 1969 985 2013 quoque
1019 1966 1186 2011 septem
1218 1969 1381 1999 marcas
1423 1953 1682 2007 aduersario,
1726 1970 1780 1998 ex

273 2134 284 2156 ¹
312 2134 423 2170 Ratot
449 2134 571 2182 Gyula
603 2135 711 2170 iudex
738 2137 868 2171 curiae.

273 2193 287 2213 ¹
313 2194 428 2242 Supra
454 2207 506 2230 nr.
539 2205 616 2241 194.

271 2254 285 2275 ³
309 2255 383 2291 Aut
407 2254 584 2291 Dios-Kail
609 2266 629 2290 a
656 2255 869 2300 Zala-Apziti
895 2255 989 2290 inter
1015 2255 1209 2292 meridiem
1247 2264 1282 2291 et
1322 2256 1554 2292 occidentem
1592 2256 1680 2290 situs
1719 2262 1780 2289 aut

128 2325 222 2349 unus
247 2325 427 2362 pagorum
452 2314 520 2350 Kal
545 2315 791 2351 vocitatorum
817 2325 928 2361 prope
955 2314 1076 2351 lacum
1102 2315 1267 2351 Balaton.

273 2372 287 2393 ⁴
313 2373 432 2409 Szobb
458 2385 571 2421 pagus
597 2375 636 2410 in
663 2385 758 2409 com.
786 2374 955 2421 Somogy
981 2385 1000 2409 a
1026 2374 1167 2421 Segosd
1194 2376 1289 2411 inter
1316 2376 1505 2411 meridiem
1544 2383 1578 2410 et
1613 2375 1780 2411 occiden-

127 2441 205 2470 tem
231 2434 330 2469 situs.

273 2493 286 2513 ³
312 2492 432 2528 Libicz
458 2493 549 2529 olim
575 2505 688 2540 pagus
715 2504 829 2540 prope
854 2493 1023 2529 Marczali
1050 2495 1088 2530 in
1115 2506 1213 2531 com.
1239 2496 1421 2543 Somogy.
1448 2497 1665 2531 Memoriam
1702 2496 1779 2530 eius

129 2554 256 2588 retinet
282 2563 393 2600 pagus
419 2552 695 2588 Libicz-Kozma
724 2561 965 2600 nuncupatus.
991 2555 1107 2601 Supra
1131 2566 1186 2590 nr.
1213 2565 1271 2601 27,
1298 2565 1378 2597 200,
1405 2555 1499 2591 infra
1530 2555 1615 2601 309.{

275 2611 290 2632 ⁶
314 2613 428 2659 Supra
454 2624 508 2648 nr.
538 2623 592 2658 51,
618 2613 715 2648 infra
742 2625 796 2650 nr.
827 2623 904 2659 317.

276 2671 288 2693 ⁷
315 2672 411 2709 [dest
441 2682 496 2708 1-a.
521 2673 620 2709 diem
646 2673 876 2709 Novembris.
