2170 3210
1766 113 1805 148 71

181 247 464 292 Keveiensem
495 245 660 292 fuisse.²
699 245 858 290 Causas
905 259 1008 303 ergo
1057 256 1154 289 ante
1204 258 1270 303 24.
1319 260 1388 289 am
1434 245 1590 302 Aprilis
1637 244 1810 302 agitatas

179 316 523 363 testimoniorum
550 332 613 364 nr.
648 330 673 373 9
706 327 751 361 et
789 330 852 374 15,
883 316 1054 360 nonnisi
1086 331 1198 360 anno
1229 330 1335 374 1213
1371 316 1555 361 tribuere
1586 316 1812 374 possimuS,

180 403 278 434 cum
310 399 475 433 tantum
506 387 630 432 huius
666 401 789 446 1213.
822 387 921 432 anni
950 387 1072 431 initio
1106 387 1231 431 fuerit
1263 388 1379 431 Bank
1412 386 1620 445 palatinus
1659 387 1809 432 simul-

179 474 263 520 que
293 474 441 504 comes
473 459 788 504 Posoniensis.²

325 531 435 575 Huic
467 530 702 575 constituto
734 530 922 588 apprime
967 529 1168 574 convenit
1211 540 1315 574 nota
1358 529 1670 588 chronologica
1714 542 1810 574 test.

180 617 244 648 nr.
277 602 315 652 8.
353 602 491 662 (378).
523 601 687 646 Causae
719 601 761 645 in
794 612 890 645 test.
921 601 1007 645 hoc
1038 612 1302 645 memoratae
1335 599 1462 645 iudex
1506 600 1584 644 fuit
1616 602 1809 659 Katapan

181 674 405 732 episcopus
451 673 683 729 AgriensiS.
732 672 785 732 (†
834 671 968 732 1217)
1010 683 1053 717 et
1096 672 1159 716 rei
1201 672 1489 729 promiserunt
1534 672 1735 716 Varadini
1766 688 1812 717 se

183 746 410 790 Dominica
464 745 807 789 «Reminiscere»
863 743 1178 788 accusatoribus
1231 743 1531 788 satisfacturos.
1586 744 1813 789 Dominica

185 817 527 863 «Reminiscere»
563 827 628 860 est
658 815 844 860 secunda
882 815 1107 860 Dominica
1153 814 1518 873 Quadragesimae
1561 830 1813 875 semperque

181 888 328 935 incidit
359 889 402 932 in
445 887 632 945 primum
675 887 889 930 trimestre
936 886 1046 940 anni,
1078 886 1257 945 ipsoque
1290 901 1402 930 anno
1440 899 1547 944 1213
1584 886 1650 931 die
1696 902 1812 931 1o-a.

183 960 326 1005 Martii
358 958 568 1003 celebrata
599 969 674 1003 est.
708 958 888 1002 Pactum
920 972 1025 1015 ergo
1056 957 1101 1001 in
1132 969 1228 1002 test.
1261 972 1323 1002 nr.
1358 959 1383 1002 8
1422 957 1672 1002 adnotatum
1717 969 1814 1003 ante

189 1047 241 1077 10
272 1031 387 1076 diem
418 1029 562 1074 Martii
593 1044 628 1075 a.
667 1042 791 1088 1213.
823 1029 1006 1087 contigit
1037 1044 1113 1073 seu
1145 1044 1295 1073 revera
1325 1040 1439 1082 tunc,
1484 1029 1653 1088 quando
1698 1030 1814 1073 Bank

182 1102 352 1162 palatini
382 1100 592 1160 simulque
624 1101 792 1145 comitis
824 1100 1099 1145 Posoniensis
1131 1115 1308 1144 munere
1339 1099 1601 1158 fungebatur.

324 1174 405 1218 His
434 1171 599 1217 indiciis
631 1172 786 1229 apertis
819 1187 897 1216 ceu
929 1171 1056 1216 firmo
1080 1171 1359 1216 fundamento
1379 1172 1515 1216 innixi
1530 1171 1814 1216 indubitanter

183 1245 422 1298 asserimus,
452 1255 548 1288 test.
591 1259 652 1288 nr.
702 1257 844 1301 5—19
898 1242 1035 1303 (prius
1089 1257 1141 1301 37
1149 1242 1358 1303 5—389.)
1408 1244 1553 1287 omnia
1602 1243 1728 1288 initio
1781 1259 1814 1288 a.

188 1330 296 1376 1213
331 1327 373 1360 et
405 1314 578 1374 quidem
608 1314 833 1359 intervallo
866 1313 1030 1358 dierum
1069 1328 1171 1358 1-ae
1203 1314 1386 1371 Januarii
1418 1326 1461 1358 et
1492 1328 1628 1371 24-ae
1660 1315 1815 1372 Aprilis

183 1389 366 1447 registro
374 1386 474 1431 ferri
481 1385 818 1431 candentisillata
828 1385 949 1430 fuise.
959 1385 1247 1445 Caeteroquin
1256 1385 1339 1430 hoc
1356 1386 1486 1429 etiam
1494 1385 1680 1430 fasciculi
1691 1385 1815 1431 huius

182 1460 388 1506 inchoans
419 1459 716 1502 testimonium
747 1472 808 1501 nr.
845 1471 865 1514 5
902 1457 1035 1516 (375)
1070 1456 1180 1501 clare
1214 1457 1413 1511 ostendit,
1443 1468 1573 1515 prout
1595 1469 1638 1502 et
1665 1457 1815 1502 finiens

182 1547 244 1578 nr.
279 1544 329 1587 19
362 1528 495 1590 (389)
528 1540 646 1573 extra
670 1528 844 1573 dubium
874 1529 1010 1586 ponit,
1043 1544 1143 1572 nam
1174 1542 1324 1572 causae
1356 1529 1400 1572 in
1431 1539 1528 1573 test.
1551 1544 1614 1573 nr.
1640 1542 1660 1587 5
1685 1527 1764 1589 (37
1773 1529 1817 1588 5)

184 1612 410 1647 contentae
441 1600 569 1645 iudex
614 1600 871 1658 Smaragdus
914 1611 1012 1657 post
1053 1615 1211 1644 annum
1262 1612 1370 1657 1213
1425 1615 1603 1644 munere
1648 1601 1814 1644 comitis

183 1672 502 1718 Szolnokiensis
535 1671 653 1729 fungi
685 1671 799 1716 haud
830 1682 1000 1729 poterat
1031 1670 1098 1730 (at
1131 1686 1242 1714 anno
1281 1684 1389 1728 1213
1426 1686 1524 1715 eum
1546 1671 1632 1716 hoc
1661 1687 1815 1716 munus

184 1745 367 1803 gessisse
412 1743 720 1787 documentum
764 1742 979 1802 quoddam
1025 1741 1217 1786 tabularii
1260 1742 1592 1800 Vesprimiensis
1634 1742 1816 1801 Capituli

184 1814 356 1874 innuit),
388 1829 537 1858 causae
568 1829 674 1858 vero
707 1825 802 1858 test.
834 1829 894 1858 nr.
932 1827 983 1870 19
1018 1813 1149 1873 (389)
1189 1813 1316 1857 iudex
1359 1814 1475 1858 Bank
1518 1825 1617 1871 post
1660 1830 1816 1858 annum

192 1900 297 1944 1213
334 1885 581 1943 dignitatem
612 1884 787 1942 palatini
819 1900 1034 1944 nunquam
1066 1884 1222 1928 floruit.

324 1957 373 2000 In
405 1956 490 2000 hoc
522 1971 625 2014 ergo
659 1955 858 2000 fasciculo
895 1969 1051 2014 5—19,
1081 1957 1168 2000 iam
1199 1955 1273 2000 fixi
1317 1958 1538 2014 temporis,
1580 1958 1815 2014 reperimus

186 2029 390 2074 comitem
435 2028 662 2072 comitatus
718 2027 971 2072 Bihariensis
1023 2026 1070 2086 (e
1114 2027 1384 2072 documentis
1429 2044 1599 2087 quoque
1640 2028 1815 2087 notum)

185 2100 360 2145 nomine
393 2099 512 2144 Mika
544 2099 613 2143 vel
643 2099 763 2143 Mike
797 2098 936 2157 (Mica
965 2099 1011 2143 in
1042 2109 1138 2144 test.
1169 2114 1229 2143 nr.
1270 2099 1343 2159 19)
1388 2100 1565 2158 eiusque
1610 2101 1814 2143 comitem

186 2170 387 2215 curialem
418 2182 514 2213 ante
538 2183 691 2228 24—am
712 2169 866 2227 Aprilis
889 2169 1138 2227 fungentem
1158 2171 1331 2214 nomine
1353 2170 1567 2215 Nevetlen
1590 2170 1814 2229 (Nuetlen)

185 2243 227 2286 in
259 2253 352 2286 test.
385 2257 444 2286 nr.
483 2244 533 2286 16
568 2253 610 2285 et
648 2243 709 2286 18.

326 2312 516 2357 Ulterius
549 2328 654 2370 ergo
702 2313 919 2370 progressi
963 2313 1224 2365 asserrimuS,
1269 2312 1394 2357 huius
1440 2313 1624 2357 fasciculi
1669 2314 1813 2356 conti—

186 2385 434 2428 nuationem
466 2399 558 2428 esse
604 2383 847 2428 fasciculum
910 2384 1261 2428 testimoniorum
1318 2399 1379 2428 nr.
1442 2397 1616 2439 20——29
1677 2382 1814 2442 (prius

330 2548 339 2569 ¹
368 2549 405 2585 F.
433 2549 524 2585 Cod.
552 2549 636 2594 Dip.
663 2548 758 2594 11111.
792 2559 963 2592 121—14.

327 2607 340 2627 ³
366 2608 513 2644 Wenzel
540 2608 598 2644 VI.
629 2608 803 2652 358—60.
