2170 3210
1781 126 1828 174 ὃς

177 269 341 324 darent,
377 269 422 314 in
469 269 555 313 fine
599 268 842 313 obtruditur
886 268 1008 312 nobis
1056 283 1212 326 magna
1255 267 1495 322 difficultas,
1539 269 1574 313 si
1621 281 1719 314 test.
1765 285 1827 314 nr.

182 343 266 400 164
296 340 430 402 (244)
464 356 562 386 cum
594 340 668 385 illo
700 356 762 384 nr.
800 345 877 387 161
916 339 1051 400 (241)
1084 339 1358 385 conferimus
1381 340 1567 385 Causam
1589 342 1705 386 enim
1727 353 1827 386 test.

177 428 238 458 nr.
275 416 360 470 164
389 413 546 458 Neuka
577 428 725 457 comes
758 413 1014 457 Bihariensis
1046 411 1259 468 diiudicat,
1302 428 1400 456 cum
1443 425 1590 457 tamen
1639 414 1683 458 in
1728 425 1830 458 test.

123 495 126 496 ’
175 500 238 530 nr.
277 486 355 529 161
392 485 511 529 Mika
540 485 672 529 toties
704 485 950 529 nominatus
984 485 1240 529 Bihariensis
1275 500 1422 528 comes
1455 500 1590 544 aeque
1631 497 1831 530 occurratv

178 569 221 601 et
250 557 362 601 inter
393 557 716 615 inscriptionem
748 557 1097 601 testimoniorum
1129 572 1189 601 nr.
1230 557 1306 599 161
1344 568 1387 600 et
1427 560 1508 615 164
1545 558 1615 601 vix
1660 569 1829 602 tantum

180 629 391 687 temporis
423 629 607 687 spatium
647 629 870 673 decurrere
915 629 1070 687 potuit,
1115 640 1321 688 quantum
1364 628 1475 673 inter
1517 628 1830 674 abdicationem

177 702 335 746 veteris
367 701 537 746 comitis
576 713 620 745 et
663 701 852 745 muneris
898 701 1174 758 adeptionem
1214 699 1387 744 alterius
1436 701 1539 744 novi
1583 702 1829 746 necessario

180 773 370 832 elapsum
403 785 479 818 est.
514 773 667 832 Neque
701 788 799 817 cum
822 772 1034 830 prioribus
1055 771 1333 830 scriptoribus
1356 772 1561 817 historiae
1582 773 1827 831 Hungariae

176 861 339 890 nomen
376 846 577 890 «Neuca»
613 845 857 889 distortioni
903 856 974 889 aut
1017 845 1154 889 malae
1198 845 1375 889 lectioni
1418 846 1603 889 nominis
1652 845 1824 890 «Mika»

179 918 347 963 «Mica»
382 929 455 962 aut
490 917 686 962 «Micha»
721 928 870 974 putare
903 917 1026 962 nobis
1059 917 1171 970 licet,
1202 933 1303 961 nam
1334 917 1450 961 idem
1493 918 1644 962 Neuca
1676 918 1823 972 serius,

179 989 298 1034 annis
330 1004 485 1047 nempe
524 1003 752 1046 1219—21
802 988 1045 1047 Vajvodam
1089 989 1456 1046 Transsylvanum
1507 990 1594 1048 egit
1639 1001 1681 1033 et
1726 1001 1829 1034 tunc

175 1077 266 1106 non
297 1072 467 1106 tantum
497 1062 541 1106 in
571 1074 768 1120 regestro
802 1061 1099 1115 Varadinensi,
1130 1061 1206 1105 sed
1237 1062 1366 1106 etiam
1401 1062 1445 1106 in
1476 1061 1663 1119 pluribus
1687 1062 1827 1106 docu-

177 1134 335 1179 mentis
366 1134 508 1192 regiiS,
541 1149 726 1193 quorum
759 1133 979 1191 archetypi
1012 1133 1148 1178 adhuc
1193 1146 1420 1192 supersunt
1466 1146 1509 1178 et
1555 1144 1829 1191 peraccurate

178 1221 202 1250 a
234 1205 372 1251 doctis
405 1206 505 1250 viris
537 1206 692 1264 publici
724 1206 825 1250 iuris
858 1205 965 1250 facta
1000 1218 1110 1259 sunt,
1155 1221 1291 1265 aeque
1349 1206 1575 1259 «Neuka»,
1623 1206 1824 1250 «Neuca»

178 1278 385 1323 scribitur.

319 1350 512 1396 Textum
544 1351 764 1410 utriusque
797 1351 1036 1395 testimonii
1068 1350 1221 1394 melius
1253 1350 1519 1408 perpendere
1553 1363 1596 1394 et
1629 1351 1826 1395 conferre

174 1421 297 1467 nobis
329 1435 516 1480 oportet,
547 1423 582 1467 si
613 1423 722 1467 hanc
755 1422 1050 1467 difficultatem
1083 1437 1288 1466 amovere
1329 1423 1532 1480 cupimus.
1581 1423 1633 1466 Et
1676 1438 1827 1467 revera

176 1494 428 1539 testimonio
460 1511 520 1539 nr.
572 1498 648 1540 161
706 1506 901 1539 accurate
952 1495 1146 1553 perlecto
1198 1494 1520 1553 persuademur,
1569 1507 1615 1539 ut
1667 1495 1827 1539 nullam

175 1567 502 1625 repugnantiam
533 1567 646 1612 inter
678 1578 774 1611 test.
810 1583 873 1613 nr.
912 1570 988 1612 161
1038 1579 1081 1611 et
1132 1570 1215 1624 164
1260 1581 1499 1626 queramus
1544 1567 1667 1613 Test.
1713 1568 1828 1612 enim

175 1654 237 1685 nr.
276 1641 352 1683 161
388 1639 566 1684 minime
597 1640 683 1684 iam
716 1639 899 1697 appellat
932 1640 1125 1683 Mika-m
1157 1640 1368 1684 comitem
1401 1639 1705 1693 Bihariensem,
1737 1641 1826 1684 imo

175 1710 260 1755 tale
292 1710 392 1770 quid
424 1711 476 1755 de
510 1727 563 1755 eo
596 1712 859 1769 pronuntiat,
893 1710 1008 1770 quod
1040 1710 1232 1769 fungenti
1280 1723 1323 1756 et
1370 1712 1629 1756 sententiam
1677 1712 1829 1756 ferenti

176 1782 324 1827 comiti
367 1783 544 1827 minime
590 1784 802 1828 convenit.
849 1783 1099 1828 Castrenses
1143 1784 1291 1841 populi
1333 1784 1599 1829 Biharienses
1645 1785 1830 1844 quinque

178 1854 356 1900 familias
389 1871 413 1898 a
445 1854 631 1899 dominis
663 1855 821 1899 Farkas
853 1867 896 1899 et
929 1854 1139 1900 Kelemen
1171 1856 1455 1913 postularunt,
1487 1857 1605 1918 quasi
1650 1857 1827 1901 servitio

174 1938 316 1971 castro
349 1926 582 1971 Bihariensi
619 1926 875 1984 praestando
912 1927 1149 1972 obstrictas.
1184 1928 1340 1972 Farkas
1377 1940 1522 1973 autem
1554 1940 1596 1973 et
1616 1929 1827 1973 Kelemen

177 1998 371 2043 Mika-m
404 1999 610 2043 comitem
642 2011 797 2043 testem
831 1999 1107 2054 aduocarunt,
1139 2001 1206 2044 cui
1239 2013 1470 2055 constaret,
1501 2001 1579 2045 has
1604 2016 1622 2059 5
1647 2001 1827 2045 familias

175 2071 352 2116 minime
385 2070 438 2115 ad
469 2071 654 2129 populos
688 2083 925 2116 castrenses
958 2073 1085 2116 castri
1131 2072 1387 2117 Bihariensis
1431 2074 1699 2131 pertinuisse.
1738 2074 1829 2117 Iam

174 2158 296 2197 vero,
333 2143 370 2187 si
420 2143 538 2187 Mika
584 2142 765 2204 (Mike),
818 2159 917 2187 cum
967 2155 1208 2198 testaretur,
1259 2144 1397 2189 adhuc
1447 2161 1602 2190 munus
1656 2146 1827 2189 comitis

176 2215 430 2260 Bihariensis
471 2215 686 2274 gessisset,
718 2215 875 2260 Farkas
909 2227 952 2259 et
985 2216 1195 2260 Kelemen
1228 2229 1398 2271 testem,
1443 2218 1561 2261 cuius
1606 2218 1685 2261 hac
1712 2218 1753 2260 in
1781 2232 1826 2261 re

176 2287 362 2332 maxime
395 2299 604 2345 ageretur,
636 2286 924 2333 adduxissent.
960 2287 1023 2332 Eo
1067 2289 1183 2332 enim
1214 2289 1308 2346 plus
1341 2289 1556 2334 fructuum
1588 2304 1828 2333 annuorum

177 2374 325 2404 comes
369 2359 624 2403 Bihariensis
670 2359 828 2413 habuit,
874 2375 959 2418 quo
1011 2360 1153 2418 plures
1206 2373 1326 2405 erant
1379 2374 1617 2406 castrenses
1668 2361 1826 2419 populi.

177 2431 274 2475 Rite
307 2445 412 2489 ergo
445 2430 752 2485 concludimus,
784 2431 977 2475 Mika-m
1023 2444 1233 2490 tempore,
1269 2449 1354 2492 quo
1386 2434 1681 2478 testimonium
1701 2449 1826 2477 suum

177 2502 263 2547 hoc
293 2502 337 2546 in
368 2503 546 2560 negotio
580 2503 770 2560 protulit,
811 2519 965 2547 munus
999 2505 1167 2549 comitis
1201 2505 1455 2549 Bihariensis
1488 2506 1571 2550 iam
1605 2505 1827 2558 dimisisse,

177 2574 372 2633 adeoque
418 2574 507 2618 sine
553 2575 794 2632 suspicione
840 2575 932 2619 falsi
977 2574 1029 2619 de
1075 2588 1185 2621 statu
1234 2592 1253 2634 5
1304 2577 1557 2621 familiarum
1600 2578 1826 2622 veritatem

178 2645 432 2703 depromere
464 2647 669 2703 potuisse.
703 2647 884 2691 Minime
917 2662 1021 2705 ergo
1054 2659 1150 2692 test.
1197 2664 1257 2693 nr.
1310 2651 1385 2693 161
1439 2649 1686 2694 adversatur
1731 2661 1826 2693 test.

1637 2736 1680 2769 6*
