2170 3210
422 145 466 180 74

419 273 594 317 valentis
625 273 667 316 in
698 284 792 318 test.
824 288 879 330 47
914 273 1046 332 (143)
1079 274 1258 318 relatum
1280 274 1430 328 innuit,
1451 274 1562 317 hunc
1586 274 1769 318 Comam
1788 289 1863 318 seu
1884 275 2037 319 rectius

421 343 622 387 Cosmam
665 344 870 387 comitem
903 344 1102 388 curialem
1133 344 1273 388 solum
1295 344 1436 397 fuisse,
1455 359 1553 387 nam
1581 345 1758 389 comites
1780 360 1848 389 res
1867 345 2037 389 maioris

418 415 540 471 pretii
571 413 816 458 iudicabant.

558 485 715 528 Amota
753 485 832 528 hac
864 484 1108 529 difficultate
1141 485 1284 529 statim
1316 495 1498 542 apparet,
1529 484 1706 542 plurima
1752 485 1901 530 indicia
1944 501 2036 530 esse

421 556 465 598 in
510 566 606 598 test.
651 555 774 598 huius
820 555 1014 607 fasciculi,
1064 570 1244 614 quorum
1289 566 1393 598 nutu
1440 556 1551 598 hunc
1594 555 1837 600 fasciculum
1888 556 2036 600 ultimo

418 625 619 669 trimestri
651 641 685 671 a.
724 639 829 682 1213
861 626 1042 669 tribuere
1064 626 1276 670 debemus,
1307 626 1354 669 In
1387 637 1481 670 test.
1512 641 1571 670 nr.
1605 626 1660 683 48
1685 625 1831 685 (144),
1852 626 2036 671 Servus-

420 695 487 739 dei
518 697 579 739 uti
611 711 754 740 comes
786 696 949 740 curialis
981 696 1243 740 Kolosiensis
1275 696 1530 749 nominatur,
1562 711 1658 740 cum
1689 689 1832 740 tamen
1862 712 1897 742 a.
1925 710 2037 754 1214

419 766 522 810 alios
553 767 617 810 his
648 766 888 810 muneribus
919 766 1144 823 fungentes
1176 765 1462 810 ostendemus,
1493 766 1543 809 In
1574 777 1666 810 test.
1697 782 1757 811 nr.
1794 780 1847 823 50
1892 766 2037 826 (146),

424 851 472 894 51
520 835 664 896 (147),
711 851 759 894 53
805 836 949 896 (149),
998 850 1047 893 57
1093 835 1224 895 (153)
1258 848 1528 880 occurrentes
1558 837 1770 881 Nevetlen
1801 837 1861 881 uti
1892 852 2036 882 comes

422 907 586 951 curialis
632 907 934 959 Zarimdiensis,
980 907 1110 960 Mika,
1156 907 1217 950 uti
1260 921 1405 950 comes
1459 906 1723 959 Bihariensis,
1769 908 1931 964 Paulus,
1977 909 2039 952 uti

419 993 565 1022 comes
597 977 758 1021 curialis
791 978 1055 1031 Bihariensis,
1086 989 1181 1034 apte
1228 992 1261 1021 a.
1311 990 1432 1035 1213.
1466 978 1732 1022 conveniunt.
1776 978 2036 1038 Minimeque

419 1060 623 1106 repugnat
655 1048 764 1101 huic,
794 1049 837 1091 in
869 1048 1029 1091 casibus
1073 1058 1168 1091 test.
1208 1063 1269 1093 nr.
1314 1049 1366 1091 62
1405 1048 1535 1107 (158)
1585 1059 1625 1091 et
1673 1050 1729 1105 64
1774 1047 1906 1107 (160)
1953 1049 2037 1093 iam

419 1135 507 1162 non
558 1119 673 1162 Bank
725 1119 965 1175 palatinum,
1013 1118 1088 1162 sed
1136 1118 1361 1162 Nicolaum
1412 1119 1640 1175 palatinum
1670 1118 1886 1172 iudicasse,
1939 1134 2037 1163 nam

419 1191 508 1246 ipsa
539 1189 792 1233 documenta
825 1189 1023 1233 evincunt
1055 1189 1171 1232 Bank
1202 1189 1352 1232 ultimo
1390 1189 1591 1232 trimestri
1637 1204 1672 1232 a.
1715 1202 1849 1247 1213.
1884 1204 2036 1233 munus

419 1276 542 1304 suum
574 1260 759 1304 amisisse
791 1261 914 1318 eique
944 1259 1169 1304 Nicolaum
1201 1259 1460 1304 successisse.
1511 1258 1704 1303 Vidimus
1747 1274 1889 1317 porro,
1939 1271 2033 1304 test.

419 1346 479 1375 nr.
521 1344 572 1387 32
617 1329 748 1389 (254)
792 1331 945 1389 absque
993 1329 1118 1374 dubio
1171 1329 1223 1374 ad
1267 1345 1301 1374 a.
1361 1343 1466 1388 1213
1520 1330 1744 1387 pertinere.
1797 1330 2036 1374 Secundum

419 1401 501 1445 hoc
551 1412 643 1445 test.
694 1416 755 1444 nr.
808 1414 860 1459 32
921 1400 1053 1460 (254)
1109 1416 1141 1445 a.
1207 1414 1312 1458 1213
1375 1400 1711 1457 christophorus
1761 1400 1840 1444 fuit
1890 1416 2035 1445 comes

419 1471 695 1524 Kolosiensis,
733 1470 890 1528 Igeben
943 1470 1159 1530 (Egeben)
1210 1471 1402 1528 princeps
1446 1471 1666 1522 exercitus,
1695 1471 1785 1514 Isac
1829 1471 2036 1524 centurio,

421 1541 533 1586 Beda
564 1541 699 1585 maior
731 1541 855 1585 castri
886 1540 1131 1600 (Varnagy)
1164 1541 1328 1585 Vadasa
1360 1540 1575 1601 (Vodasa)
1606 1541 1853 1598 praecipuus
1874 1541 2035 1599 iobagi-

416 1627 530 1657 num.
562 1612 613 1655 Et
647 1613 768 1655 ecce!
801 1612 844 1655 in
876 1622 970 1655 test.
1002 1627 1062 1656 nr.
1097 1615 1146 1655 61
1184 1610 1315 1671 (157)
1347 1611 1391 1654 hi
1425 1612 1605 1669 quinque
1637 1611 1791 1655 iterum
1810 1623 2035 1656 occurrunt

416 1682 647 1740 iisdemque
679 1682 919 1726 muneribus
952 1682 1194 1740 funguntur.
1234 1682 1328 1725 Hoc
1359 1682 1502 1740 utique
1540 1681 1658 1727 facile
1701 1682 1959 1740 intelligitur,
2000 1683 2036 1726 si

417 1765 592 1811 utraque
625 1764 717 1797 test.
750 1768 810 1796 nr.
847 1766 898 1811 32
935 1752 982 1812 (2
991 1752 1066 1812 54)
1099 1763 1141 1796 et
1175 1755 1223 1796 61
1250 1753 1377 1811 (153)
1401 1752 1553 1796 eodem
1574 1767 1683 1796 anno
1712 1766 1818 1811 1213
1843 1763 2034 1810 segestro

415 1823 527 1867 illata
570 1835 679 1876 sunt,
723 1822 946 1867 difficulter
989 1834 1132 1867 tamen
1181 1823 1422 1879 explicatur,
1466 1823 1500 1866 si
1544 1822 1720 1866 diversis
1766 1822 1884 1866 annis
1929 1822 2034 1866 haec

417 1893 659 1937 testimonia
703 1893 950 1947 tribuuntur,
993 1909 1091 1937 nam
1133 1894 1264 1951 longo
1315 1904 1508 1950 tempore
1555 1893 1711 1936 nullam
1757 1893 2035 1937 mutationem

417 1964 514 2007 huic
556 1964 817 2021 magistratui
848 1957 1091 2008 Kolosiensi
1124 1964 1365 2021 contigisse,
1396 1964 1522 2021 genio
1555 1962 1661 2007 illius
1695 1963 1787 2007 aevi
1817 1975 2032 2021 repugnat.

416 2033 550 2087 Quod
580 2040 795 2077 caeterum
825 2035 916 2091 plus
949 2045 1026 2087 est,
1059 2034 1234 2078 omnino
1268 2046 1382 2078 certa
1413 2049 1581 2092 quoque
1603 2033 1752 2077 indicia
1768 2033 1969 2076 habemus
1990 2033 2034 2076 in

417 2116 512 2150 test.
546 2120 606 2147 nr.
645 2118 695 2161 52
731 2104 861 2163 (148)
894 2117 938 2148 01
974 2107 1023 2161 56
1057 2104 1202 2164 (152),
1232 2104 1461 2148 secundum
1501 2119 1605 2162 quae
1646 2104 1758 2147 hunc
1792 2103 2033 2146 fasciculum

417 2175 525 2218 ultra
555 2189 605 2222 a..
628 2187 732 2232 1213
769 2174 976 2219 collocare
1009 2175 1181 2218 minime
1213 2174 1322 2220 licet.
1354 2175 1424 2217 Lis
1457 2174 1569 2218 enim
1601 2184 1695 2217 test.
1729 2188 1787 2218 nr.
1823 2186 1874 2230 52
1907 2173 2031 2231 (148)

417 2245 552 2289 adhuc
583 2260 605 2288 a
637 2244 867 2302 Smaragdo
900 2246 1056 2290 comite
1089 2245 1384 2288 Szolnokiensi
1421 2243 1635 2296 deciditur,
1677 2243 1746 2287 illa
1791 2258 1895 2286 vero
1939 2255 2032 2288 test.

422 2318 472 2372 56
518 2314 645 2374 (142)
689 2330 713 2358 a
755 2316 974 2359 Lothardo
1019 2316 1175 2359 comite
1220 2315 1553 2358 Szabolcsiensis.
1598 2314 1655 2356 At
1699 2325 1876 2366 constat,
1908 2314 2032 2357 Sma-

417 2385 593 2442 ragdum
623 2385 730 2428 ultra
761 2400 794 2428 a.
832 2399 937 2443 1213
973 2401 1125 2429 munus
1158 2386 1323 2429 comitis
1357 2384 1672 2427 Szolnokiensis
1710 2398 1798 2427 non
1843 2384 2033 2441 gessisse,

418 2467 461 2499 et
492 2456 611 2499 initio
643 2471 676 2499 a.
717 2469 827 2512 1214
857 2456 940 2499 iam
973 2456 1207 2509 Simonem,
1251 2470 1353 2512 ergo
1397 2469 1486 2497 non
1529 2453 1788 2497 Lothardum
1833 2454 2033 2498 comitem

419 2525 775 2571 Szabolcsiensem
807 2526 943 2583 egisse

557 2597 702 2654 Itaque
734 2596 821 2640 fere
854 2611 979 2654 aquas
1010 2596 1053 2639 in
1084 2611 1199 2639 mare
1232 2594 1405 2638 fundere
1438 2593 1642 2645 videmur,
1676 2609 1774 2638 cum
1791 2608 2033 2637 connexum
