2170 3210
466 161 536 196 228

475 305 576 357 siae,
606 303 787 348 scilicet:
818 301 1019 347 Ilmerum
1050 317 1148 347 cum
1179 318 1337 361 genere
1370 318 1446 347 suo
1479 303 1531 347 de
1562 303 1659 347 villa
1703 304 1851 362 Vylok
1889 317 1932 350 et
1974 305 2109 360 Elust,

472 390 570 420 cum
592 389 750 433 genere
782 388 862 418 suo
893 373 946 418 de
977 373 1076 417 villa
1107 373 1340 432 Oluptivan
1358 377 1372 400 ²
1405 373 1627 428 dicentes‚²
1648 375 1764 434 quod
1785 388 1926 421 essent
1944 392 2108 435 agazo-

476 461 553 491 nes
574 444 786 503 praefatae
809 444 997 489 eclesiae.
1018 445 1103 502 Ipsi
1124 457 1267 489 autem
1287 445 1486 489 dixerunt
1505 459 1551 489 se
1572 445 1795 491 bellatores
1812 446 2110 506 ioubagiones,

477 517 681 562 iudicibus
728 516 869 560 Banco
912 516 1069 560 comite
1114 528 1157 561 et
1199 516 1397 575 Aegydio
1445 515 1593 560 abbate
1638 516 1828 562 eiusdem
1878 517 2106 573 Ecclesiae,

473 587 675 646 pristaldo
691 588 858 632 Peruen
884 587 936 632 de
964 587 1058 631 villa
1072 587 1314 641 Olnemet‚3
1335 588 1417 645 qui,
1433 598 1604 644 portato
1622 587 1750 641 ferro,
1764 588 1976 634 iustificati
1994 601 2108 636 sunt.

1109 741 1187 786 Nr.
1219 755 1316 799 204
1350 741 1465 802 (89.)

618 826 826 870 Martinus
870 826 1067 870 sacerdos
1106 837 1148 870 et
1194 826 1419 870 canonicus
1464 826 1735 871 Varadiensis
1777 827 1959 885 impetiit
2000 827 2101 872 iou-

474 897 677 956 bagiones
708 896 850 954 Vgud‚
884 896 1041 941 scilicet
1085 896 1270 941 Senkam
1313 910 1357 942 et
1400 898 1566 954 Vodad,
1610 898 1745 943 iudice
1776 899 1890 943 Mica
1932 900 2110 954 comite,

473 968 676 1026 pristaldo
708 969 850 1014 PetuS.
884 967 1024 1012 Senka
1056 968 1134 1021 fur,
1166 979 1335 1025 portato
1382 969 1510 1023 ferro,
1540 969 1787 1014 iustificatus
1831 981 1903 1014 est.
1947 970 2104 1015 Vodad‘

472 1051 617 1084 autem
650 1039 895 1084 combustus
928 1050 1004 1084 est.

1107 1147 1183 1193 Nr.
1216 1160 1314 1205 205.
1348 1146 1463 1208 (90.)

617 1231 850 1288 Gregorius
870 1230 978 1274 filius
1002 1229 1125 1274 Salad
1146 1230 1327 1287 impetiit
1348 1230 1549 1287 Filekam,
1571 1246 1743 1289 servum
1762 1231 1946 1276 Cosmae
1969 1233 2106 1276 comi-—

473 1303 540 1356 tis,
571 1302 623 1346 de
657 1301 871 1345 occisione
903 1301 967 1345 sui
999 1301 1233 1358 servientis,
1267 1301 1427 1345 arbitris
1458 1301 1598 1358 Jacob,
1629 1303 1838 1356 Marcens,
1869 1302 2028 1356 Herne,
2058 1314 2101 1347 et

468 1373 615 1417 abbate
648 1372 864 1430 Stephano
896 1372 947 1416 de
980 1372 1164 1416 Pethur⁴=
1195 1373 1238 1416 in
1269 1373 1486 1429 prouincia
1517 1373 1695 1431 Shung,⁵
1727 1372 1928 1431 pristaldo
1970 1373 2107 1430 Feud,

469 1444 521 1488 de
553 1444 649 1488 villa
679 1444 820 1489 Noen.
854 1443 966 1487 Cum
997 1443 1141 1487 Fileka
1165 1455 1338 1501 propter
1375 1444 1667 1489 infirmitatem
1697 1445 1741 1489 in
1772 1445 1916 1488 locum
1954 1445 2103 1488 venire

469 1530 557 1559 non
589 1526 749 1572 posset,
783 1515 932 1558 Simon
963 1514 1091 1559 frater
1114 1515 1202 1558 eius
1222 1529 1300 1571 pro
1323 1515 1408 1570 illo,
1431 1526 1604 1572 portato
1627 1516 1756 1572 ferro,
1778 1514 2004 1560 mundatus
2024 1526 2106 1561 est.

1107 1668 1182 1712 Nr.
1216 1672 1312 1712 206.
1347 1667 1395 1726 (9
1406 1668 1461 1727 1.)

612 1751 836 1809 Telegnen
852 1751 904 1795 de
922 1751 1019 1795 villa
1036 1750 1271 1809 Tegyegd⁶
1289 1762 1330 1795 et
1351 1752 1613 1805 Laurentius,
1631 1752 1828 1797 sacerdos
1851 1752 1903 1798 de
1923 1753 2103 1811 Vylok,²

468 1822 741 1879 impetierunt
772 1823 995 1879 Mathiam⁷
1027 1822 1327 1880 ioubagionem
1357 1823 1542 1878 Joannis,
1573 1823 1625 1867 de
1647 1823 1745 1867 villa
1765 1824 1884 1868 Pauli
1904 1824 1957 1869 de
1976 1825 2104 1882 Nyr⁸

466 1908 546 1951 pro
579 1893 708 1946 furto,
739 1893 875 1938 iudice
907 1893 1073 1952 Culqed
1103 1893 1248 1937 curiali
1279 1893 1436 1937 comite
1471 1894 1742 1949 Bichoriensi,
1768 1895 1971 1952 pristaldo
2001 1896 2104 1940 An-

462 1963 593 2008 derae
626 1965 749 2021 (sic)⁹
782 1964 833 2008 de
866 1965 1034 2011 Bichor.
1067 1964 1264 2020 Mathias,
1296 1976 1465 2021 portato
1499 1964 1626 2018 ferro,
1658 1965 1905 2010 iustificatus
1937 1977 2012 2012 est.

614 2131 623 2150 ¹
649 2130 694 2165 V.
719 2142 828 2177 ¹supra
854 2143 906 2166 nr.
938 2142 1014 2178 195.

611 2189 625 2209 ²
651 2190 693 2224 In
721 2190 880 2225 editione
906 2190 1091 2237 principe:
1118 2192 1178 2237 qui
1204 2191 1375 2226 dicentes.

579 2248 581 2251 “
613 2249 626 2268 ³
651 2249 790 2284 Iudices
816 2257 853 2284 et
878 2250 1067 2295 pristaldus
1093 2250 1215 2291 iidem,
1242 2251 1301 2297 qui
1327 2261 1432 2296 supra
1458 2262 1510 2285 nr.
1541 2260 1617 2295 195.

609 2307 624 2327 ⁴
648 2308 757 2344 Nunc
782 2309 1057 2350 Puszta-Peteri,
1083 2309 1173 2345 olim
1198 2309 1517 2345 Peterinonostora
1542 2311 1580 2345 in
1618 2321 1714 2346 com.
1752 2310 1949 2357 Csongraid.
1988 2311 2102 2348 Confr

466 2366 578 2414 Zichy
605 2379 651 2402 cs.
678 2368 775 2403 okm.
802 2367 846 2403 11.
874 2368 953 2403 228.

611 2427 625 2447 ⁵
650 2427 843 2473 Complete
869 2428 1064 2474 scriptum:
1091 2428 1282 2474 Shungrad
1308 2428 1397 2463 idest
1423 2427 1621 2474 Csongraid.

610 2485 623 2505 ⁶
648 2486 734 2521 Post
758 2497 870 2533 pagus
897 2486 1024 2533 Tegye
1049 2489 1141 2522 inter
1166 2488 1320 2523 Samson
1346 2495 1381 2522 et
1406 2487 1554 2522 Hadhaz
1578 2488 1617 2522 in
1647 2499 1741 2524 com.
1761 2489 1937 2524 hodierno
1961 2489 2100 2536 Hajdur

610 2544 621 2566 ⁷
649 2544 768 2591 Ujlak‚
794 2545 885 2581 olim
910 2557 1021 2592 pagus
1047 2547 1085 2589 in
1110 2547 1295 2582 vicinitate
1321 2547 1403 2593 pagi
1429 2547 1584 2581 Sdmson
1609 2546 1756 2583 ibidem.

612 2603 626 2622 '³
650 2604 757 2639 Nunc
782 2604 1091 2652 Monostor-Pzilyi
1116 2606 1155 2640 in
1181 2616 1275 2641 com.
1302 2605 1419 2640 Bihar.

611 2662 625 2682 ⁹
650 2663 784 2699 Recte:
815 2663 966 2699 Andrea.
