2170 3210
1697 162 1762 198 295

124 297 212 342 tina
226 296 495 342 traductione
510 295 623 341 servi
637 295 713 350 sui,
723 295 898 340 nomine
907 294 1128 339 Michaelis
1144 306 1187 339 et
1201 294 1385 339 duorum
1400 309 1624 353 equorum.
1634 294 1769 350 Quod

121 384 220 414 cum
234 368 305 413 ille
320 379 532 427 negasset,
551 368 795 412 nominatus
813 366 940 411 iudex
962 367 1077 411 misit
1101 382 1179 411 eos
1202 382 1278 425 per
1299 366 1564 424 pristaldum‚
1589 367 1765 411 nomine

120 440 362 486 Gabrielem
395 439 448 485 de
479 440 576 485 villa
608 439 735 494 Gab,1
766 438 1047 483 Waradinum
1079 438 1132 483 ad
1176 454 1356 483 examen
1399 438 1499 483 ferri
1538 439 1767 484 candentis.

119 512 205 558 Ubi
236 512 330 557 talis
359 511 468 557 facta
490 524 556 557 est
582 512 693 556 inter
715 527 792 556 eos
815 512 1074 556 conventio:
1098 510 1215 570 quod
1235 523 1502 555 memoratus
1524 511 1769 555 Anthonius

122 580 243 630 daret
274 583 521 629 adversario
543 600 621 628 suo
642 584 869 629 nominato
889 584 933 627 in
954 583 1066 627 festo
1089 594 1259 627 sanctae
1279 583 1442 627 Mariae
1461 583 1769 641 Magdalenae2

121 656 168 701 in
196 656 296 701 villa
326 656 525 701 Udvori⁸
559 656 661 701 duas
694 671 856 700 marcas
889 655 1059 699 fertone
1091 655 1245 709 minuS,
1277 654 1404 699 iudici
1436 666 1580 700 autem
1613 666 1656 699 et
1676 656 1768 713 pri-

123 727 262 773 staldo
308 728 435 773 simul
479 728 781 773 satisfacerent.
826 727 871 772 Si
917 739 1062 772 tamen
1107 726 1374 785 supradictus
1417 727 1552 771 Usian
1596 743 1769 772 servum

124 816 250 845 suum
281 800 510 859 fugitivum
541 800 664 845 illum
697 800 793 845 alibi
824 801 1016 844 invenire
1048 811 1211 858 posset,
1232 799 1470 858 pecuniam,
1493 815 1619 858 quam
1640 814 1766 844 acce-

120 884 255 931 perat,
286 873 511 917 Anthonio
545 872 724 917 reddere
757 883 988 917 teneretur.

747 1016 823 1062 Nr.
860 1021 957 1076 367.
989 1014 1135 1076 (356.)

269 1099 511 1158 Stephanus
544 1099 597 1144 de
630 1100 729 1144 villa
761 1100 1012 1158 Chueytora
1043 1100 1228 1157 impetiit
1259 1100 1438 1143 Paulum
1460 1099 1512 1144 de
1542 1099 1638 1143 villa
1665 1099 1770 1143 Paul

124 1184 168 1217 et
218 1172 407 1226 Petrum,
459 1171 638 1216 fratrem
687 1172 792 1226 eius,
843 1188 990 1216 coram
1040 1171 1189 1216 Betlen
1242 1184 1284 1215 et
1329 1171 1562 1229 Stephano,
1604 1171 1770 1215 vicariis

126 1243 308 1288 Ladislai
340 1243 510 1288 comitis
543 1242 595 1288 de
628 1243 742 1288 Bach
775 1255 818 1287 et
849 1243 997 1288 iudicis
1030 1244 1181 1295 curiae,
1216 1243 1268 1289 de
1309 1244 1495 1302 dampno
1541 1244 1593 1288 ad
1638 1244 1771 1287 aesti-

126 1316 364 1361 mationem
397 1315 576 1360 duarum
608 1331 858 1361 marcarum.
891 1316 1027 1369 Quod
1059 1332 1158 1360 cum
1189 1315 1248 1360 illi
1279 1328 1500 1374 negarent,
1539 1315 1769 1359 memorati

123 1387 281 1432 iudices
313 1402 389 1446 per
419 1386 684 1445 pristaldum‚
717 1388 894 1432 nomine
925 1391 1132 1441 Marcum,
1165 1388 1370 1432 miserunt
1403 1387 1683 1432 Waradinum
1718 1387 1770 1431 ad

123 1474 305 1504 examen
337 1459 438 1504 ferri
470 1458 703 1514 candentiS,
734 1460 804 1503 ubi
836 1460 1080 1503 nominatus
1113 1461 1276 1513 Petrus,
1310 1471 1484 1517 portato
1531 1459 1645 1504 ferro
1690 1474 1769 1517 pro

121 1545 168 1576 se
201 1542 242 1576 et
273 1530 403 1576 fratre
435 1546 527 1586 suo,
558 1531 812 1575 iustificatus
845 1545 921 1576 est.

753 1675 829 1719 Nr.
867 1675 962 1733 368.
995 1675 1140 1734 (357.)

265 1759 379 1804 Cum
395 1758 680 1804 haereditaria
696 1759 841 1817 portio
859 1759 1040 1812 Nicolai,
1059 1758 1133 1803 filii
1153 1758 1295 1803 Endus
1312 1759 1364 1803 de
1383 1771 1496 1803 terra
1517 1759 1771 1812 ΒοτοΖΙοιι,4

126 1831 170 1876 in
190 1831 255 1876 ius
277 1830 407 1885 Petri,
425 1830 500 1875 filii
522 1831 651 1885 Petri,
671 1830 819 1875 ordine
839 1831 1023 1875 iudiciali
1045 1831 1236 1884 cessiset‚
1258 1830 1374 1876 idem
1396 1831 1548 1875 Petrus
1577 1832 1769 1885 astruxit,

126 1902 246 1963 quod
274 1904 626 1962 praenominatus
657 1902 865 1947 Nicolaus
897 1903 940 1947 in
974 1914 1086 1947 terra
1132 1902 1282 1947 eadem
1319 1914 1486 1961 partem
1531 1904 1769 1961 emptitiam

125 1974 316 2029 haberet,
346 1987 516 2034 praeter
553 1975 893 2020 haereditariam.
943 1975 1079 2029 Quod
1126 1991 1223 2020 cum
1271 1975 1534 2020 cohaeredes
1580 1976 1771 2020 eiusdem

120 2046 303 2102 Nicolai,
333 2047 531 2092 videlicet
563 2048 761 2105 Cepanus
794 2063 955 2101 comes,
988 2047 1154 2101 Petrus,
1185 2048 1369 2104 Joannes
1391 2060 1435 2092 et
1457 2048 1611 2091 Paulus
1634 2063 1770 2105 nega-

121 2130 229 2173 rent,
259 2118 478 2164 Ladislaus
511 2134 657 2164 comes
689 2120 830 2177 posuit
861 2134 987 2177 super
1018 2119 1307 2164 iuramentum
1339 2119 1578 2165 eorundem
1618 2119 1770 2165 condi-

122 2190 317 2235 visorum
349 2202 407 2248 et,
439 2191 540 2236 dato
573 2190 791 2250 pristaldo,
822 2192 998 2235 nomine
1043 2191 1182 2236 Becha
1226 2191 1315 2235 filio
1360 2192 1490 2247 Petri,
1534 2192 1651 2236 misit
1696 2206 1771 2234 eos

267 2324 277 2341 ¹
305 2322 384 2358 Gdb
413 2322 481 2358 fuit
508 2334 622 2370 pagus
649 2324 687 2358 in
714 2322 864 2370 antiquo
892 2334 986 2358 com.
1014 2323 1152 2359 Zarzind
1179 2335 1292 2371 prope
1318 2336 1454 2371 pagum
1494 2324 1618 2359 Sikula
1656 2324 1770 2368 (nunc

124 2393 221 2418 com.
247 2383 372 2426 Arad).

267 2441 281 2461 ²
307 2442 404 2478 Idest
430 2442 463 2478 d.
492 2452 548 2477 22.
575 2455 624 2478 m.
650 2442 745 2488 Julii.

266 2502 280 2522 ³
304 2502 441 2538 Udvari
468 2502 558 2538 oiim
584 2514 697 2549 pagus
724 2503 762 2537 in
784 2513 885 2538 com.
913 2503 1083 2539 Szabolcs
1110 2515 1207 2539 nunc
1234 2504 1351 2539 Bihar.
1378 2504 1493 2550 Supra
1520 2515 1571 2539 nr.
1600 2513 1657 2549 93,
1695 2503 1771 2547 168,

122 2570 193 2609 239
219 2570 255 2597 et
280 2561 361 2598 286.

269 2621 283 2642 ⁴
309 2622 481 2658 Boroszlo
508 2633 619 2669 pagus
645 2623 683 2657 in
710 2634 806 2658 com.
845 2622 955 2658 Sdros
991 2622 1095 2668 (olim
1133 2624 1228 2659 Novi
1266 2622 1397 2667 Castri)
1435 2625 1528 2659 inter
1566 2623 1700 2658 Somos
1739 2630 1774 2657 et

122 2681 289 2729 Bunyita.
