2170 3210
1743 125 1785 160 81

139 265 192 311 Et
222 278 337 311 recte
370 265 555 326 quidem.
587 267 637 311 A.
678 280 784 324 1215
825 266 940 311 idem
982 266 1118 311 adhuc
1151 266 1203 311 ad
1234 267 1517 326 gubernacula
1560 268 1790 313 comitatus

138 338 257 384 Novi
300 338 442 383 Castri
486 354 564 383 seu
611 338 808 383 hodierni
851 339 996 382 Heves
1042 351 1085 383 et
1130 339 1267 395 Abauj
1311 339 1435 394 sedit,
1478 355 1585 399 ergo
1635 341 1791 385 rationi

138 423 478 456 consentaneum
530 423 633 457 erat.
677 412 712 455 si
762 427 885 456 causa
930 410 1070 456 eidem
1124 411 1353 457 decicenda
1398 413 1789 460 commendabatur.

137 483 186 528 In
217 498 342 528 causa
373 496 518 528 autem
549 495 645 528 test.
678 500 739 530 nr.
778 498 855 542 143
891 482 1027 544 (196)
1061 483 1252 542 Angelus
1285 500 1433 529 comes
1466 485 1630 530 curialis
1663 485 1789 530 Szol-

137 555 356 600 nokiensis
401 556 572 610 iudicat,
624 557 695 616 qui
739 555 882 600 solum
925 572 958 601 a.
1010 570 1119 614 1215
1167 557 1253 600 1106
1296 572 1477 601 1111111616
1523 557 1789 616 fungebatur.

137 627 256 673 Nulli
289 643 394 686 ergo
429 628 527 682 alio,
559 644 687 688 quam
719 644 754 674 a.
792 642 901 686 1215
936 628 1050 672 hunc
1088 627 1340 672 fasciculum
1385 628 1561 673 tertium
1605 630 1789 674 tribuere

138 715 219 744 nos
251 712 437 758 oportet.

282 773 522 817 fasciculus
556 784 729 833 quartus
762 789 786 817 e
819 784 915 817 test.
950 788 1011 818 nr.
1050 774 1248 831 148-51
1286 773 1558 831 (291—294)
1591 789 1626 819 a.
1678 787 1786 831 1215

138 855 183 888 61
215 844 388 904 quidem
420 845 563 890 medio
595 860 742 889 mense
775 845 1018 890 Novembri
1050 845 1201 889 litteris
1235 845 1462 889 adnotatus
1495 856 1572 890 est.
1617 846 1791 890 Annum

140 915 326 961 ostendit
358 928 454 963 test.
487 933 549 962 nr.
588 918 668 976 148
702 917 825 975 (291)
858 933 943 977 quo
977 917 1191 961 referente
1223 918 1455 975 palatinum
1494 917 1607 962 hunc
1652 917 1790 975 Gyula

140 989 229 1047 egit
261 1004 296 1032 a.
336 1002 444 1047 1215
482 1000 647 1034 tantum
680 990 788 1034 hanc
821 989 1075 1048 dignitatem
1107 989 1305 1047 adeptus;
1337 990 1496 1034 mensis
1529 1005 1635 1033 vero
1670 989 1790 1034 facile

142 1061 303 1105 eruitur
335 1076 359 1104 e
391 1073 486 1105 test.
522 1077 584 1106 nr.
624 1076 700 1120 151
738 1063 875 1120 (294),
909 1061 1026 1121 quod
1056 1074 1156 1120 post
1202 1061 1464 1120 completam
1508 1062 1792 1120 septimanam

140 1132 393 1178 Dominicae
426 1134 569 1178 «Dicit
590 1134 830 1178 Dominus»
848 1150 954 1192 ergo
969 1145 1068 1192 post
1083 1134 1172 1178 dies
1203 1147 1370 1192 15--21
1390 1135 1549 1178 mensis
1586 1134 1790 1179 Novem-

141 1203 225 1248 bris
257 1217 455 1263 regestro
487 1205 649 1249 illatum
681 1217 757 1250 est.

287 1313 692 1368 Τ631111101112111.
730 1319 1007 1384 152-164
1047 1316 1102 1385 (2
1112 1314 1382 1382 32—244)
1397 1314 1553 1383 scipta
1575 1332 1616 1366 a.
1642 1317 1789 1366 1216.

286 1408 562 1454 Testimonio
614 1426 675 1456 nr.
730 1413 810 1455 162
851 1409 986 1470 (242)
1038 1411 1162 1454 huius
1209 1410 1480 1455 cohaerentis
1528 1410 1652 1454 fascis
1701 1410 1791 1468 ipse

142 1482 336 1526 notarius
369 1481 590 1540 adscripsit
623 1499 780 1527 annum
818 1485 942 1528 1216.
976 1483 1009 1526 E
1041 1483 1284 1527 narratione
1317 1483 1451 1527 totius
1491 1498 1640 1527 causae
1663 1482 1792 1526 etiam

143 1554 302 1598 mensis
346 1554 633 1613 inscriptionis
681 1555 825 1614 detegi
855 1567 1010 1613 potest.
1042 1555 1176 1600 Actor
1210 1567 1252 1599 et
1285 1567 1489 1599 executor
1527 1553 1792 1613 (pristaldus)

143 1641 308 1680 causae,
339 1627 588 1671 testimonio
622 1628 848 1681 referente,
882 1639 974 1672 tota
1014 1627 1284 1672 hebdomada
1316 1628 1570 1672 Dominicae
1607 1626 1791 1672 «Omnis

145 1709 285 1742 terra»
322 1711 544 1743 accusatos
578 1711 870 1757 expectarunt,
903 1716 950 1744 26
994 1700 1159 1746 frustra.
1208 1699 1489 1744 Hebdomada
1535 1699 1791 1744 Dominicae

146 1769 332 1815 «Omnis
365 1783 506 1815 terra»
542 1787 656 1816 anno
695 1775 805 1816 1216
839 1773 882 1815 in
915 1771 1004 1816 dies
1043 1785 1210 1829 17-—23
1247 1772 1407 1816 mensis
1430 1772 1613 1816 Ianuarii
1634 1771 1791 1816 incidit.

143 1842 248 1887 Post
289 1843 409 1896 haec,
441 1858 517 1887 seu
548 1856 649 1901 post
695 1857 851 1901 23-am
884 1843 997 1888 diem
1043 1860 1098 1890 m.
1130 1844 1312 1888 Ianuarii
1344 1857 1464 1888 actor
1508 1856 1551 1888 et
1584 1855 1792 1906 executor

143 1913 330 1958 iudicem
362 1914 475 1959 idest
505 1915 739 1973 palatinum
771 1915 912 1973 Gyula
943 1915 1137 1960 adierunt
1170 1917 1294 1975 eique
1332 1917 1568 1961 absentiam
1613 1932 1789 1960 accusa—

143 1999 242 2031 runt
272 1988 565 2045 propalarunt.
597 1988 810 2032 Palatinus
843 2004 955 2032 nunc
986 1990 1071 2033 iam
1105 1989 1333 2047 epistolam
1365 1988 1566 2046 Capitulo
1605 1988 1791 2033 Varadi-

142 2060 264 2103 nensi
297 2059 453 2104 direxit
486 2059 808 2114 commendans,
840 2071 886 2103 ut
919 2059 1107 2104 absentia
1139 2072 1436 2105 accusatorum
1464 2072 1658 2119 regestro
1684 2076 1792 2104 exa-

142 2131 269 2175 minis
303 2131 405 2176 ferri
439 2132 659 2176 candentis
680 2132 980 2176 inscriberetur
1000 2132 1143 2192 sicque
1168 2132 1385 2177 damnatio
1408 2148 1559 2177 eorum
1587 2132 1792 2176 oblivioni

145 2203 394 2261 eriperetur.
427 2203 675 2262 Capitulum
708 2220 814 2262 ergo
848 2216 949 2248 tunc
981 2216 1160 2258 tantum,
1191 2217 1422 2263 praecepto
1455 2204 1628 2262 palatini
1660 2205 1791 2248 intel-

143 2275 257 2319 lecto
289 2289 331 2319 et
376 2286 472 2319 toto
518 2277 699 2335 negotio
744 2276 952 2334 perfect0‚
996 2289 1192 2335 regestro
1239 2278 1395 2322 seriem
1450 2292 1602 2321 causae
1648 2275 1792 2320 inferri

146 2346 267 2390 iussit
299 2374 356 2379 —
390 2347 643 2406 Cogitemus
678 2364 821 2393 casum
851 2349 1036 2393 maxime
1069 2348 1309 2403 adversum,
1342 2349 1588 2408 duabusque
1622 2347 1791 2391 hebdo-

144 2417 335 2463 madibus
371 2419 600 2478 indiguisse
633 2431 823 2465 actorem
859 2432 900 2464 et
934 2432 1223 2473 executorem,
1259 2433 1306 2465 ut
1351 2420 1569 2465 Varadino
1614 2419 1791 2477 profici-

145 2501 311 2534 scentes
343 2491 577 2548 palatinum
609 2492 776 2546 adeant,
808 2493 1048 2551 iterumque
1082 2492 1253 2546 duabus,
1286 2505 1332 2537 ut
1364 2492 1536 2550 palatini
1569 2492 1793 2550 epistolam

147 2562 411 2606 Varadinum
443 2576 676 2621 reportent.
710 2564 778 2608 Sic
812 2580 982 2623 quoque
1016 2580 1038 2608 a
1071 2564 1137 2609 die
1159 2579 1270 2623 24-a
1291 2565 1476 2609 Ianuarii
1500 2563 1791 2621 computando

145 2633 297 2678 saltem
338 2648 448 2678 21-a
481 2635 695 2680 Februarii
727 2636 929 2681 Varadini
964 2651 1257 2695 comparuere,
1290 2637 1484 2695 adeoque
1519 2647 1683 2680 certum
1715 2647 1793 2690 est,

1628 2722 1649 2756 6
