2170 3210
425 183 491 217 218

1063 352 1140 397 Nr.
1177 367 1193 397 1
1203 367 1270 410 77.
1304 353 1412 411 (62.)

565 435 679 479 Senk
723 434 775 479 de
818 435 917 479 villa
961 435 1162 480 Obonik1
1207 436 1389 493 impetiit
1432 435 1613 489 Texam‚
1657 435 1854 488 Erdeum,
1898 435 2056 488 Bizam,

424 507 582 550 Cesare
614 517 658 550 et
691 505 804 550 Salat
835 506 888 550 de
921 506 999 550 alia
1031 506 1130 550 villa
1162 507 1366 563 Obonyk,
1396 521 1475 564 pro
1508 518 1690 565 quatuor
1719 507 1886 560 marciS‚
1915 506 2052 550 iudice

425 577 654 621 Benedicto
688 577 859 631 comite,
891 576 1094 635 pristaldo
1126 578 1290 631 Azaria,
1321 577 1372 622 de
1404 577 1503 621 villa
1532 577 1707 622 Tinod.²
1731 578 2055 622 Pranominatus

422 648 550 700 Senk,
584 660 756 705 portato
789 647 917 702 ferro,
947 649 1195 693 iustificatus
1228 661 1302 692 est.

1063 826 1139 871 Nr.
1178 827 1271 883 178.
1307 826 1409 885 (63.)

561 909 758 964 Joannes,
789 909 947 961 Nehol‚
983 910 1117 953 Bensa
1150 909 1201 953 de
1234 909 1332 953 villa
1362 909 1547 967 Neugij3
1571 910 1846 967 impetierunt
1867 910 2052 968 Stepha-

422 995 522 1023 num
557 980 608 1024 de
642 980 736 1023 villa
769 980 915 1024 Scela4
946 995 1024 1038 pro
1056 980 1289 1024 homicidio
1324 992 1365 1024 et
1398 979 1449 1024 de
1483 980 1638 1024 damno
1671 991 1773 1024 octo
1805 996 2055 1034 marcarum,

420 1051 557 1095 iudice
590 1051 781 1109 Tibacijo
815 1052 987 1105 comite,
1020 1067 1043 1095 a
1073 1067 1174 1109 rege
1208 1051 1418 1109 delegato,
1451 1051 1652 1109 pristaldo
1682 1051 1842 1097 Samus.
1866 1052 2051 1110 Stepha-

418 1138 510 1175 nus,
542 1135 712 1179 portato
745 1125 870 1176 ferro,
902 1122 1126 1167 mundatus
1160 1135 1235 1167 est.

1058 1301 1131 1346 Nr.
1172 1315 1265 1358 179.
1299 1301 1416 1360 (64.)

561 1383 721 1440 Milucy
754 1383 806 1427 de
838 1384 936 1428 villa
968 1384 1146 1442 Guneg⁵
1179 1385 1360 1441 impetiit
1390 1385 1558 1428 Vanam
1590 1383 1642 1428 de
1673 1384 1771 1428 villa
1815 1385 1957 1429 Heten
1996 1384 2049 1428 de

420 1455 574 1499 damno
607 1470 778 1498 suarum
810 1471 953 1499 rerum
984 1455 1038 1499 ad
1068 1456 1410 1499 aestimationem
1441 1456 1564 1499 unius
1586 1471 1752 1499 marcae
1780 1467 1823 1499 et
1843 1455 2052 1509 dimidiae,

421 1526 557 1570 iudice
589 1526 848 1580 Alexandro,
881 1527 1038 1570 comite
1071 1527 1122 1571 de
1161 1526 1393 1584 Zobolchy,
1423 1526 1626 1584 pristaldo
1670 1527 1817 1580 Quesa
1861 1526 1912 1571 de
1953 1526 2053 1570 villa

420 1598 601 1642 Dubos⁶
634 1598 767 1650 Vana,
799 1609 972 1655 portato
1005 1598 1134 1651 ferro,
1167 1598 1417 1642 iustificatus
1449 1609 1523 1642 est.

560 1788 571 1808 ¹
598 1789 728 1825 Postea
761 1790 930 1837 Obanyk,
969 1802 1067 1825 anno
1111 1789 1197 1835 1456
1236 1792 1310 1826 iam
1348 1791 1535 1837 praedium
1573 1802 1685 1837 prope
1722 1801 1802 1837 pag.
1840 1790 1973 1825 Bedecs
2010 1790 2051 1824 in

416 1859 500 1882 com
526 1848 669 1883 Kolozs.
697 1849 813 1892 (Orsz.
841 1849 878 1883 lt.
905 1849 963 1884 Dl.
995 1848 1119 1894 364o3‚
1146 1861 1226 1896 pag.
1253 1859 1308 1895 29,
1330 1859 1360 1884 2.
1388 1850 1489 1884 Hanc
1517 1850 1686 1885 notitiam
1712 1849 1873 1885 Samueli
1899 1848 2051 1884 Barabzis

418 1908 454 1941 in
483 1908 636 1953 acceptis
662 1908 878 1952 referimus.)

559 1967 573 1986 ²
599 1965 696 2001 Olim
722 1979 833 2013 pagus
858 1968 919 2013 tali
955 1969 1108 2003 nomine
1133 1968 1230 2003 iuxta
1255 1968 1414 2003 Miriszlo
1440 1969 1478 2003 in
1515 1979 1611 2003 com.
1649 1967 1874 2003 Also—Feher
1909 1965 2050 2011 (Teleki

415 2026 486 2060 okl.
513 2025 539 2060 Ι.
572 2036 623 2072 17.
650 2026 752 2061 Tort.
779 2028 852 2061 Tair
895 2025 993 2073 1896.
1036 2027 1127 2071 502.)
1165 2028 1308 2069 exstitit,
1344 2028 1406 2062 sed
1444 2027 1504 2062 hic
1531 2027 1757 2063 verisimilius
1782 2038 1894 2072 pagus
1925 2025 2046 2061 Tinod

414 2086 452 2119 in
480 2096 575 2119 corn.
602 2085 707 2120 Bihar
733 2097 843 2132 prope
882 2077 990 2121 Elesd
1027 2086 1248 2132 intelligitur.

556 2144 569 2164 ³
594 2144 675 2179 Hoc
701 2156 839 2191 nomen
866 2154 947 2191 post
971 2146 1135 2193 Nevegy,
1161 2146 1271 2181 hodie
1296 2145 1451 2192 Nyi'ived
1479 2145 1639 2181 formam
1664 2146 1812 2192 accepit.

559 2203 573 2223 ⁴
598 2204 677 2238 Hoc
705 2216 843 2239 nomen
870 2216 967 2240 nunc
993 2206 1093 2240 Szele
1118 2206 1372 2252 pronuntiatur
1398 2208 1432 2240 et
1471 2205 1594 2240 forsan
1634 2216 1768 2251 pagum
1808 2203 2046 2250 Tapio-Szele

419 2263 565 2298 indicat.
588 2267 590 2271 “

557 2322 570 2342 ⁵
595 2322 707 2357 Anno
739 2332 826 2366 1322
854 2325 1009 2358 occurrit
1034 2325 1235 2369 possessio:
1264 2323 1390 2359 Gened
1429 2325 1467 2358 in
1506 2323 1734 2358 meridionali
1772 2331 1872 2369 parte
1909 2323 2045 2369 antiqui

414 2382 605 2416 comitatus
624 2381 792 2417 Szabolcs
811 2383 904 2416 circa
921 2394 1056 2428 pagum
1074 2383 1202 2429 Szerep
1223 2384 1338 2427 (nunc
1357 2384 1394 2417 in
1414 2394 1508 2418 com.
1529 2381 1662 2427 Bihar).
1682 2381 1830 2417 Confer.
1848 2382 2045 2428 Bunyitay:

416 2441 448 2474 A
475 2440 599 2475 vairadi
623 2441 830 2487 piispokseg
855 2442 1046 2477 tortenete.
1074 2442 1116 2477 II.
1143 2442 1223 2478 426.

559 2499 572 2518 ‘³
598 2500 716 2534 Hodie
742 2500 1013 2536 Puszta-Dobos
1038 2502 1076 2536 in
1103 2513 1195 2536 com.
1222 2502 1388 2537 Szabolcs
1421 2513 1440 2535 a
1477 2501 1649 2547 Nameny
1687 2501 1876 2536 meridiem
1914 2511 2046 2535 versus.
