2170 3210
1744 176 1785 218 65

165 313 400 373 fragmenta
430 313 635 359 habemus
666 315 710 358 in
740 325 934 372 regestro
957 313 1251 369 Varadinensi,
1281 315 1325 358 in
1355 330 1442 374 quo
1473 315 1637 373 singula
1666 315 1791 360 testi-

165 386 309 430 monia
339 385 477 430 exitus
508 385 610 430 ferri
642 385 857 430 candentis
891 385 1065 443 singulis
1096 385 1207 429 foliis
1238 386 1436 443 inscripta
1467 397 1577 440 sunt,
1607 386 1684 431 sed
1703 386 1792 431 libri

164 456 380 502 notariahs
426 457 535 511 talis,
579 458 650 516 qui
696 457 856 511 ordine,
910 471 995 515 quo
1035 457 1219 501 invicem
1266 472 1312 501 se
1356 457 1631 515 excipiebant,
1674 459 1791 516 plura

165 527 460 589 paucioraque,
525 539 655 586 prout
704 528 823 572 locus
878 527 1015 583 dabat,
1068 528 1312 572 testimonia
1367 528 1410 572 in
1463 529 1637 586 singulis
1680 530 1791 575 foliis

165 598 374 658 descripta
403 599 558 644 habuit.
591 599 732 644 Unico
764 614 876 654 casu,
905 599 1005 643 satis
1036 599 1217 656 prolixe,
1248 610 1441 656 excepto,
1483 601 1633 645 saltem
1676 617 1787 660 4-5

166 685 325 725 causas,
346 686 449 730 quas
481 670 594 716 ferro
627 670 822 715 candenti
853 669 988 714 decidi
1015 670 1228 728 optabant,
1259 669 1422 728 singula
1454 670 1552 715 folia
1586 671 1792 717 habebant

167 740 398 787 adnotatas.
423 741 468 786 Si
485 742 626 802 itaque
650 757 732 800 ope
754 752 1148 797 monumentorum,
1169 753 1274 785 nota
1290 742 1495 799 temporis
1518 742 1793 800 signatorum,

166 812 430 872 aliorumque
463 813 804 858 fulcimentorum
837 812 1040 858 historiae
1074 813 1219 856 saltem
1252 828 1385 857 unum
1415 813 1572 859 horum
1591 815 1790 858 testimo-

166 884 337 928 niorum
368 895 487 929 certo
519 900 631 929 anno
662 883 836 942 affigere
868 895 1104 942 postumus,
1135 895 1288 942 sponte
1333 895 1576 929 ceterorum
1622 901 1792 945 quoque

167 955 522 1009 testimoniorum,
553 955 597 1000 in
628 955 782 1000 eodem
827 955 934 999 folio
979 955 1277 1000 adnotatorum
1321 955 1390 1000 vel
1433 956 1563 1000 etiam
1605 957 1647 1000 in
1689 958 1791 1002 sub-

167 1027 439 1086 sequentibus
455 1026 567 1072 foliis
584 1026 894 1085 descriptorum
916 1042 1061 1081 annus,
1082 1042 1387 1085 nonnunquam
1413 1028 1542 1072 etiam
1561 1028 1794 1073 testimonii

167 1097 364 1156 descripti
393 1098 552 1145 mensis
584 1098 733 1143 elucet.

303 1169 540 1215 Contextus
572 1170 662 1227 ipse
693 1169 872 1228 segestri
914 1169 1215 1214 Varadinensis
1252 1179 1317 1213 sat
1348 1170 1455 1214 clare
1487 1170 1641 1228 prodit,
1674 1187 1793 1216 casus

167 1240 236 1285 hic
267 1240 494 1286 adnotatos
525 1256 831 1300 nonnunquam
862 1240 1092 1285 cohaerere
1113 1240 1349 1299 eodemque
1371 1252 1566 1298 tempore
1587 1243 1791 1288 evenisse.

167 1311 236 1356 Sic
265 1313 559 1357 testimonium
589 1328 651 1357 nr.
683 1326 709 1369 7
742 1311 876 1372 (apud
905 1314 1068 1370 priores
1100 1311 1285 1356 editores
1319 1312 1441 1372 377.)
1463 1313 1675 1371 signatum
1691 1330 1794 1359 ver-

168 1382 252 1427 bis:
276 1383 438 1428 «iudice
456 1383 598 1428 Zakeo
614 1386 831 1444 predicto»,
851 1383 993 1427 alludit
1015 1382 1068 1427 ad
1087 1382 1344 1441 praecedens
1364 1385 1660 1429 testimonium
1683 1401 1743 1430 nr.
1769 1389 1792 1429 6

167 1452 303 1513 (prius
338 1454 445 1515 376)
475 1455 614 1515 ibique
646 1470 793 1499 revera
837 1469 995 1499 nomen
1040 1454 1188 1499 iudicis
1231 1454 1374 1511 Zakei,
1405 1455 1494 1500 imo
1542 1467 1586 1500 et
1628 1473 1795 1511 munus,

166 1541 253 1585 quo
284 1525 548 1585 fungebatur,
594 1527 838 1585 reperimus.
883 1525 1207 1570 Testimonium
1249 1541 1311 1570 nr.
1362 1529 1453 1572 106.
1499 1526 1635 1588 (prius
1682 1528 1793 1588 289)

167 1609 311 1655 aperte
341 1610 552 1656 provocat
583 1598 635 1643 ad
665 1614 765 1642 reos
797 1598 840 1641 in
869 1597 1140 1655 praecedenti
1171 1597 1422 1641 testimonio
1454 1613 1515 1642 nr.
1556 1611 1634 1656 105
1659 1598 1794 1658 (prius

166 1667 276 1729 288)
306 1669 392 1713 iam
410 1680 697 1714 memoratos:
733 1668 973 1726 «predictos
996 1668 1142 1712 Baium
1164 1678 1207 1712 et
1229 1667 1452 1722 Sceman»,
1473 1668 1631 1714 iudices
1654 1682 1795 1715 autem

164 1752 210 1785 et
241 1751 490 1785 executores
522 1740 765 1798 simpliciter
800 1739 1030 1784 «eosdem»
1076 1739 1278 1794 nominat,
1321 1740 1393 1798 qui
1435 1740 1479 1783 in
1522 1741 1795 1798 praecedenti

165 1827 225 1857 nr.
270 1825 348 1869 105
370 1812 511 1874 ,(288)
543 1812 627 1855 iam
674 1811 786 1855 allati
829 1823 935 1856 sunt.
979 1810 1248 1854 Testimonia
1290 1811 1375 1855 nris
1423 1825 1520 1870 304,
1568 1826 1664 1870 305,
1710 1816 1791 1871 306

165 1896 291 1942 atque
326 1897 407 1942 307
442 1882 565 1942 (221,
596 1896 696 1936 222,
728 1896 827 1940 223,
859 1883 967 1940 224)
1001 1882 1166 1940 signata
1196 1882 1240 1926 in
1260 1882 1495 1940 archetypo
1518 1883 1642 1927 huius
1663 1899 1791 1942 rege-

165 1955 242 1999 stri
277 1955 422 1999 stricte
453 1970 499 1999 se
530 1954 713 1998 invicem
745 1954 972 2011 excepisse,
1004 1953 1131 1997 dubio
1164 1964 1296 2006 caret3
1321 1969 1421 1997 nam
1442 1955 1634 1998 notarius
1653 1955 1791 1999 solum

164 2026 207 2071 in
239 2025 486 2071 testimonio
517 2040 579 2069 nr.
619 2038 701 2083 304
734 2024 866 2084 (221)
898 2024 1065 2082 signato
1097 2024 1360 2068 domicilium
1391 2026 1630 2068 executoris
1652 2026 1790 2069 adno-

164 2099 279 2152 tavit,
309 2108 459 2156 postea
489 2108 609 2141 terna
640 2097 732 2140 vice
777 2096 927 2149 verbis,
975 2096 1216 2153 «Gregorio
1259 2094 1503 2153 praedicto»
1551 2096 1791 2153 simpliciter

163 2181 372 2227 provocat
415 2168 467 2213 ad
510 2184 571 2214 nr.
617 2182 713 2227 304.
757 2167 889 2211 Simili
932 2166 1066 2211 modo
1110 2177 1225 2224 patet
1268 2182 1402 2210 nexus
1446 2167 1790 2211 testimoniorum

163 2257 225 2286 nr.
258 2254 339 2298 295
375 2242 420 2284 es
453 2242 536 2297 296
575 2239 676 2298 (212
710 2250 753 2284 et
786 2238 907 2298 213),
950 2253 1048 2282 nam
1077 2239 1122 2283 in
1153 2238 1400 2282 testimonio
1433 2253 1493 2281 nr.
1538 2240 1622 2294 296
1657 2236 1789 2297 (223)

164 2313 353 2358 notarius
411 2322 688 2356 executorem
746 2309 884 2353 verbis
949 2308 1160 2366 «prefatus
1219 2309 1393 2366 Mysca»
1442 2308 1623 2366 appellat
1662 2308 1791 2352 veluti

166 2385 309 2438 talem,
358 2383 429 2442 qui
470 2383 514 2426 in
557 2382 803 2426 testimonio
846 2380 1116 2439 praecedenti
1159 2392 1224 2424 sat
1281 2380 1373 2424 fuse
1418 2379 1652 2438 descriptus
1700 2379 1788 2423 fuit.

166 2455 360 2513 Amplius
418 2453 605 2506 dicimus,
649 2468 736 2497 non
791 2463 957 2495 tantum
1011 2451 1160 2496 iudicia
1218 2452 1260 2496 in
1310 2452 1568 2496 testimoniis
1611 2463 1694 2507 295
1744 2462 1787 2494 et

169 2530 252 2584 296
287 2526 562 2584 (212—213)
595 2524 814 2581 descripta,
848 2523 923 2567 sed
955 2523 1083 2567 etiam
1113 2523 1155 2568 in
1193 2523 1335 2567 statim
1379 2522 1649 2581 sequentibus
1694 2532 1787 2565 test.

167 2613 228 2642 nr.
260 2611 491 2655 297—303
526 2602 680 2651 (214—
692 2595 795 2653 220)
826 2594 1025 2638 adnotata
1054 2594 1202 2652 procul
1233 2594 1358 2639 dubio
1398 2593 1555 2638 eodem
1593 2604 1787 2649 tempore

167 2670 262 2722 lata,
299 2669 614 2726 archetypoque
646 2667 717 2718 sic,
748 2678 875 2723 prout
906 2681 1017 2710 nunc
1049 2681 1193 2710 coram
1225 2665 1347 2709 nobis
1386 2676 1588 2722 prostant,
1631 2663 1788 2707 inserta

1628 2759 1640 2792 5
