2170 3210
468 175 536 200 212

468 308 656 364 Tolvoy,
689 308 786 363 Buc,
811 307 997 352 Scumud
1027 308 1070 351 in
1100 309 1337 365 praesentia
1356 320 1501 352 nostra
1521 320 1828 365 remanserunt,
1860 322 1902 353 et
1933 309 2094 364 ferrum

468 380 607 423 levare
660 379 703 422 in
748 379 893 423 locum
936 378 1214 423 Waradinum
1254 379 1462 435 misimus,
1507 394 1615 438 quos
1666 381 1851 425 termino
1902 380 2093 439 praefixo

468 450 692 507 pristaldus
724 462 871 494 noster
903 449 1021 504 dixit,
1052 466 1140 494 non
1171 451 1361 494 venisse:
1393 450 1508 508 quod
1538 451 1573 494 si
1616 466 1766 495 verum
1808 463 1886 506 est,
1930 463 1973 496 et
2013 467 2096 496 vos

469 522 596 576 scitiS,
627 521 742 581 quod
771 521 974 579 praedicti
1005 522 1201 566 homines
1233 522 1288 565 ibi
1319 537 1407 565 non
1438 521 1608 575 fuerint,
1645 523 1730 566 iam
1773 522 1874 567 dicti
1915 523 2096 568 Fareasii

469 609 638 637 causam
669 593 800 637 literis
832 593 1054 651 assignate,
1086 604 1130 637 et
1162 609 1312 637 omnes
1343 594 1690 651 praenominatos
1721 595 1983 639 remansisse.

606 664 701 708 Nos
733 675 887 718 autem,
918 665 1026 708 sicut
1056 664 1353 721 praediximus,
1384 665 1509 708 huius
1541 665 1603 708 rei
1634 676 1764 709 testes
1795 681 1952 719 sumUS,
1979 666 2095 726 quod

469 736 775 793 praenominati
806 735 1015 790 homines,
1045 736 1089 779 in
1119 735 1331 793 praedicta
1353 736 1599 794 septimana,
1636 738 1781 783 Omnis
1811 747 1918 783 terra
1935 738 2095 781 Wara-

472 807 557 851 dini
588 823 674 851 non
707 819 1048 864 comparuerunt,
1078 818 1244 864 praeter
1274 808 1362 851 iam
1393 807 1551 851 dictum
1583 807 1793 865 Scegium.

1091 938 1167 982 Nr.
1205 940 1299 996 163.
1335 937 1478 997 (243.)

607 1009 710 1052 Paul
742 1008 794 1053 de
824 1009 922 1052 villa
953 1009 1125 1052 Beltuc1
1156 1009 1338 1066 impetiit
1371 1024 1520 1053 omnes
1553 1009 1827 1053 Flandrenses
1859 1009 1911 1065 dg
1941 1010 2095 1076 gatar?

469 1096 546 1138 pro
571 1081 787 1124 occisione
810 1063 1284 1124 fratris-sTJi-Benedicti.
1307 1079 1454 1135 Quod,
1478 1096 1574 1124 cum
1595 1095 1694 1137 prae
1726 1081 1798 1124 1cti
1818 1079 2095 1125 Flandrenses

468 1167 557 1195 non
589 1151 883 1206 diffiterentur,
915 1150 990 1194 sed
1027 1150 1231 1206 dicerent,
1275 1166 1320 1195 se
1364 1151 1482 1195 illum
1523 1152 1567 1194 in
1608 1152 1834 1196 latrocinio
1878 1150 2098 1205 occidisse,

470 1223 577 1267 Esau
609 1238 753 1266 comes
786 1221 838 1266 de
869 1223 1078 1280 Hugosa‚³
1112 1237 1164 1265 ex
1195 1233 1424 1280 praecepto
1462 1223 1572 1280 regis
1605 1222 1846 1281 discutienS,
1886 1237 1962 1280 per
2004 1223 2093 1280 pri-

470 1293 662 1347 staldum,
693 1293 869 1337 nomine
902 1293 1148 1345 Mardnum,
1184 1293 1297 1336 misit
1340 1293 1599 1337 Varadinum
1642 1292 1695 1337 ad
1738 1293 1952 1338 candentis
1995 1293 2095 1338 ferri

468 1364 680 1416 iudicium,
711 1364 780 1408 ubi
809 1364 924 1418 Paul,
955 1375 1129 1422 portato
1162 1364 1291 1417 ferro,
1321 1364 1567 1408 iustificatus
1600 1376 1676 1409 est.

1091 1493 1167 1538 Nr.
1204 1494 1297 1551 164.
1330 1492 1474 1552 (244.)

498 1615 500 1617 v
606 1567 741 1609 Pousa
778 1565 995 1624 requisivit
1014 1564 1121 1609 duos
1143 1580 1291 1608 servos
1313 1565 1457 1608 uxoris
1479 1580 1592 1618 suae,
1612 1564 1722 1608 filiae
1740 1564 1889 1608 Hudus
1912 1565 2096 1618 comitis,

470 1627 652 1681 scilicet:
685 1638 819 1681 Futan
851 1648 894 1680 et
925 1636 1058 1680 filium
1091 1637 1194 1689 eius,
1215 1637 1387 1687 Lucam,
1411 1651 1556 1679 coram
1576 1635 1731 1679 Neuka
1752 1636 1909 1680 comite
1932 1636 2097 1680 Bicho-

469 1709 595 1752 riensi
627 1724 649 1752 a
682 1709 896 1752 canonicis
929 1707 980 1752 de
1025 1707 1179 1751 Sancto
1218 1707 1552 1763 Protomartyre.
1595 1707 1659 1751 Illi
1702 1717 1843 1750 autem
1887 1707 2094 1760 dixerunt,

469 1779 646 1824 eosdem
667 1794 816 1823 servos
847 1779 1030 1823 donatos
1062 1794 1153 1822 esse
1187 1778 1236 1822 ab
1268 1794 1402 1822 uxore
1433 1779 1563 1835 ipsius
1594 1793 1672 1835 pro
1704 1777 1896 1822 remedio
1928 1780 2095 1823 animae

467 1851 618 1908 prioris
650 1851 789 1896 mariti
820 1851 898 1907 sui,
930 1850 1111 1894 scilicet:
1132 1851 1230 1896 Boc.
1252 1849 1471 1893 Praefatus
1492 1850 1633 1908 itaque
1654 1849 1781 1893 iudex
1801 1850 1945 1906 posuit
1967 1865 2096 1907 super

467 1924 751 1966 iuramentum
781 1923 927 1966 uxoris
959 1922 1138 1972 Pousae,
1170 1920 1285 1979 quod
1315 1921 1471 1964 scilicet
1502 1921 1591 1977 ipsa
1623 1921 1778 1964 iuraret
1810 1935 1907 1964 cum
1927 1920 2092 1965 duobus

470 1993 564 2037 filiis
596 1994 681 2037 suis
712 1994 754 2036 in
787 1989 964 2037 ecclesia
997 1993 1136 2036 Sancti
1168 1992 1500 2048 Protomartyris
1532 2003 1576 2035 et
1605 1991 1701 2035 illos
1739 2006 1887 2035 servos
1927 1993 2096 2049 positos

468 2066 512 2109 in
543 2064 692 2108 eadem
725 2064 901 2108 ecclesia
932 2063 1104 2107 auderet
1135 2063 1314 2107 educere
1355 2062 1406 2106 de
1451 2062 1636 2107 ecclesia.
1680 2063 1911 2120 Assignato
1953 2063 2093 2121 itaque

470 2136 669 2189 termine,
699 2134 885 2192 praefata
916 2134 1067 2178 mulier
1099 2149 1195 2178 cum
1227 2133 1322 2178 filiis
1354 2135 1441 2177 suis
1474 2148 1562 2177 non
1581 2134 1711 2187 venit,
1730 2149 1868 2192 neque
1887 2148 2096 2191 procura·-

470 2218 609 2252 torem
640 2221 788 2249 causae
820 2221 919 2249 suae
951 2206 1077 2249 misit.
1111 2205 1479 2249 Praememoratus
1511 2205 1653 2263 itaque
1683 2204 1808 2248 iudex
1851 2199 2090 2262 condemp—

469 2278 584 2321 navit
615 2291 709 2320 eam
741 2288 783 2320 et
815 2277 1012 2320 maritum
1044 2276 1147 2329 eius,
1178 2277 1365 2319 Pousam
1408 2287 1450 2319 et
1493 2290 1568 2332 per
1610 2274 1877 2332 pristaldum,
1920 2275 2092 2319 nomine

470 2349 652 2401 Samam,
682 2347 733 2391 de
765 2347 862 2390 villa
894 2348 1057 2400 Bursa,4
1089 2347 1210 2390 nobis
1243 2346 1472 2391 contestari
1504 2358 1546 2390 et
1577 2347 1790 2403 praesenti
1820 2347 1971 2404 pagina
1991 2347 2090 2390 fecit

470 2430 685 2463 aeternam.

615 2538 624 2558 ¹
640 2539 871 2598 Nyir-Qk
885 2546 945 2573 aut
958 2538 1232 2579 Erdod-Beltek,
1247 2538 1306 2573 ille
1320 2539 1357 2572 in
1373 2548 1464 2572 com.
1483 2537 1667 2581 Szabolcs,
1681 2537 1740 2572 hic
1753 2538 1790 2572 in
1806 2547 1899 2572 com.
1919 2535 2092 2571 Szatmzir.

611 2598 624 2617 ²
650 2598 756 2633 Nunc
782 2599 886 2632 Batzir
911 2598 948 2632 in
974 2609 1069 2632 com.
1096 2598 1250 2643 Ugocsa.

614 2658 627 2677 ³
652 2657 747 2692 Infra
778 2668 853 2703 171.

612 2717 626 2737 4
651 2717 760 2751 Borsa
786 2728 896 2762 pagus
922 2717 958 2751 in
986 2727 1079 2751 com.
1107 2716 1249 2750 Kolozs.
