2170 3210
452 147 522 182 266

1074 285 1151 330 Nr.
1183 285 1280 342 298.
1312 284 1456 345 (216.)

598 368 989 428 Comprovinciales
1011 368 1062 412 de
1085 368 1273 412 Zobolch
1293 380 1336 412 et
1358 368 1514 412 horum
1532 367 1768 425 specialiter
1790 367 2002 426 Georgius
2027 366 2080 412 de

452 444 552 487 villa
582 441 790 487 Vtholml
813 442 1037 498 impetiere
1059 439 1110 484 de
1134 439 1247 484 furto
1267 439 1470 496 Jacobum
1492 438 1543 483 de
1565 439 1662 483 villa
1682 438 1809 483 Onuz
1829 450 1871 482 et
1892 439 2081 496 Mocyo—

455 514 557 558 dum
589 513 641 557 de
671 512 770 556 villa
800 512 974 565 Nanas?
995 510 1201 555 iudicibus
1224 511 1337 554 Banc
1357 522 1400 555 et
1420 510 1665 563 Benedicto,
1686 509 1895 567 pristaldis
1916 509 2080 554 Miska³

455 597 498 629 et
549 584 765 629 Shazlou.4
818 582 1060 626 Praedictus
1111 581 1239 639 Jacob
1286 582 1329 625 in
1373 581 1473 625 dato
1519 582 1704 625 termino
1747 596 1837 625 non
1878 581 1997 625 venit
2038 581 2081 624 in

454 657 607 701 locum.
640 653 832 712 Mocyod
863 669 981 707 vero,
1011 664 1183 711 portato
1215 652 1343 705 ferro,
1375 663 1472 696 ante
1505 653 1765 696 solutionem
1794 667 1942 696 manus
1962 651 2080 710 fugit.

1076 796 1153 841 Nr.
1185 810 1283 853 299.
1317 794 1461 854 (217.)

599 882 710 926 Cum
743 880 925 940 quidam,
957 879 1171 925 Coloman
1202 879 1377 922 nomine
1409 877 1460 922 de
1493 877 1589 921 villa
1612 877 1893 935 Vlozyghaz‚⁵
1915 891 2082 921 assere-

454 965 521 998 ret
554 968 701 998 coram
733 953 875 996 Banco
908 951 1081 1006 comite,
1116 949 1230 1009 quod
1260 949 1506 994 Muholtum
1537 948 1589 992 de
1620 948 1717 992 villa
1749 947 1923 1005 Shyub⁶
1956 947 2082 1007 quin-

457 1040 537 1084 que
570 1024 693 1068 villae
725 1024 1006 1081 impetiissent
1038 1022 1090 1066 de
1122 1022 1250 1075 furto,
1284 1020 1454 1080 quidam
1485 1021 1649 1073 Petrus,
1680 1019 1733 1064 de
1763 1019 1861 1064 villa
1897 1018 2082 1063 Shazta⁷

456 1096 629 1155 negavit
661 1111 714 1139 ex
744 1106 865 1152 parte
898 1094 1081 1153 quinque
1112 1093 1319 1146 villarum,
1351 1091 1534 1136 eundem
1565 1091 1813 1135 Muholtum
1842 1091 2084 1148 impetitum

458 1183 551 1212 esse
584 1166 635 1211 de
668 1166 795 1211 furto,
828 1165 1047 1209 Praefatus
1077 1165 1219 1223 itaque
1251 1163 1377 1207 iudex
1408 1163 1525 1206 misit
1554 1162 1816 1220 praedictum
1845 1161 2084 1207 Coloman-

456 1254 560 1283 num
592 1249 635 1283 et
666 1239 842 1281 Petrum
873 1237 926 1281 ad
956 1235 1173 1294 praudam,
1204 1235 1273 1279 ubi
1304 1235 1455 1278 Petrus
1487 1234 1604 1277 stetit
1647 1233 1700 1278 ad
1719 1291 1723 1295 Ι
1741 1233 1943 1278 iudicium
1985 1232 2085 1277 ferri

458 1309 689 1363 candentis,
722 1308 984 1354 Colomanus
1016 1319 1158 1352 autem
1189 1322 1278 1350 non
1321 1305 1571 1363 comparuit,
1614 1316 1657 1349 et
1700 1304 1826 1349 iudex
1872 1303 2085 1348 mandavit

457 1396 533 1438 per
570 1379 821 1438 pristaldum
864 1395 999 1433 suum,
1043 1378 1217 1423 nomine
1260 1378 1469 1434 Joannem
1515 1376 1567 1420 de
1611 1376 1780 1431 Bichor,
1822 1375 2085 1433 praedictum

456 1451 748 1496 Colomanum
779 1451 924 1495 haberi
954 1465 1032 1508 pro
1066 1449 1364 1494 condemnato.

1085 1579 1162 1625 Nr.
1198 1592 1292 1638 300.
1324 1578 1398 1639 (21
1408 1578 1469 1638 8.)

601 1665 711 1709 Cuta
743 1664 795 1708 de
826 1664 924 1707 villa
950 1662 1057 1707 Sur⁸
1076 1662 1257 1720 impetiit
1279 1662 1562 1707 convillanum
1583 1676 1718 1714 suurn,
1739 1659 1923 1704 scilicet:
1942 1660 2087 1703 Fintur

458 1737 511 1780 de
544 1736 671 1782 furto.
703 1734 948 1779 Praedictus
979 1734 1167 1787 Finthur,
1187 1745 1359 1791 portato
1385 1733 1536 1788 ferrro,
1555 1731 1804 1778 iustificatus
1830 1742 1907 1784 est,
1933 1730 2086 1774 iudici-

460 1807 535 1851 bus
568 1808 680 1851 Banc
712 1817 754 1850 et
786 1805 1028 1859 Benedicto,
1059 1805 1268 1863 pristaldis
1299 1805 1462 1849 Misca⁹
1494 1815 1536 1848 et
1569 1803 1806 1849 Sha'zlou.¹⁰

604 1937 615 1958 ¹
643 1930 822 1973 Othalom
848 1937 1159 1983 pronuntiandum
1184 1944 1237 1971 est
1263 1934 1457 1982 (significat
1482 1936 1639 1982 quinque
1665 1933 1803 1979 colles),
1828 1934 1890 1969 sed
1917 1943 2013 1968 nunc
2049 1933 2088 1968 in

458 2010 555 2034 com.
582 1998 748 2033 Szabolcs
775 2005 835 2032 aut
859 1998 905 2032 in<
922 1997 1053 2032 vicinia
1078 1997 1154 2031 eius
1179 1995 1256 2030 talis
1282 1995 1384 2030 locus
1410 1996 1556 2041 ignotus
1583 2002 1645 2029 est.
1671 1994 1715 2028 V.
1741 2004 1846 2040 supra
1872 2004 1924 2028 nr.
1956 1995 2008 2037 56.

602 2056 615 2076 ²
632 2057 909 2103 'Hajdu-Nzinzis.

603 2115 618 2136 ⁸
643 2117 756 2162 Supra
782 2127 835 2151 nr.
862 2125 1061 2161 294—297‚
1086 2114 1180 2150 infra
1206 2125 1258 2149 nr.
1289 2122 1483 2159 300—302.

605 2176 620 2197 4
646 2176 760 2222 Supra
787 2187 839 2210 nr.
867 2174 948 2220 296,
974 2177 1055 2220 297,
1081 2174 1173 2209 infra
1199 2185 1250 2208 nr.
1281 2182 1475 2218 300—302.

606 2235 619 2281 ἦ
645 2234 907 2280 ΟΙειεΖ-εςγὴεὶῑ
933 2233 1023 2269 olim
1049 2234 1087 2268 in
1113 2244 1206 2268 com.
1233 2232 1369 2267 Borsod
1395 2233 1433 2267 in
1458 2232 1608 2277 regione
1635 2230 1738 2265 castri
1776 2228 1910 2275 Cserep
1944 2228 2087 2263 exstitit.

461 2294 596 2330 Cszinki
622 2305 655 2329 o.
683 2305 713 2329 c.
739 2294 765 2329 1.
796 2303 872 2339 177.

607 2352 620 2372 ⁶
646 2353 742 2388 Csob
769 2353 879 2388 serius
905 2352 1010 2396 Cseb,
1036 2352 1146 2387 hodie
1172 2350 1357 2397 praedium
1391 2350 1433 2385 ab
1469 2348 1633 2395 Edeleny
1671 2347 1860 2384 meridiem
1896 2357 2019 2381 versus
2050 2346 2089 2381 in

461 2425 559 2449 com.
585 2413 731 2448 Borsod.

605 2472 618 2494 ⁷
645 2471 790 2507 Csaszta
815 2471 1000 2519 praedium
1025 2471 1063 2506 in
1090 2482 1185 2506 com.
1213 2469 1351 2505 Borsod
1377 2470 1474 2504 iuxta
1499 2467 1672 2514 Edeleny.

605 2530 619 2550 ⁸
645 2531 735 2566 Csur
762 2543 859 2566 nunc
884 2530 1069 2577 praedium
1096 2531 1191 2565 inter
1215 2529 1346 2575 Ibrainy
1372 2535 1408 2564 et
1433 2527 1563 2562 Paszab
1590 2528 1627 2562 in
1653 2537 1749 2561 com.
1775 2523 1952 2560 Szabolcs.

607 2590 621 2610 ⁹
647 2589 762 2637 Supra
789 2602 842 2624 nr.
868 2590 1066 2636 294—298.
1092 2588 1184 2624 infra
1212 2598 1289 2633 301.
1320 2597 1395 2632 302.

593 2647 622 2669 ²⁰
647 2650 760 2696 Supra
784 2661 837 2685 nr.
865 2648 1064 2692 296—298,
1091 2647 1185 2683 infra
1215 2656 1289 2692 301,
1319 2655 1395 2691 302.
