2170 3210
443 148 507 182 188

438 290 543 334 mini
565 289 641 342 sui,
662 288 778 344 Micg
811 287 993 341 comitis,
1023 288 1146 347 hujus
1166 303 1314 332 causae
1333 287 1459 332 iudex
1482 289 1750 342 constitutuS‚
1769 290 1889 333 iussit
1909 290 2075 348 Magno

437 360 806 418 praenominatum
824 358 1071 417 pristaldum
1091 359 1214 403 huius
1237 375 1386 404 causae
1413 359 1632 406 adducere.
1654 360 1744 414 Qui
1765 360 1864 404 dato
1886 362 2074 406 termino

440 432 644 476 adductus
677 442 720 476 et
750 431 987 490 inquisitus,
1019 431 1236 488 perhibuit
1272 432 1564 475 testimonium
1605 432 1721 475 iuxta
1765 432 1921 486 omnia,
1964 448 2074 492 quae

437 504 618 560 Magnus
651 502 876 546 asserebat.
907 502 1033 546 Tunc
1064 501 1291 546 adversarii
1325 503 1569 547 obiecerunt
1602 503 1641 547 ei
1671 503 1821 547 vitium
1864 503 2072 557 falsitatis,

437 574 625 619 dicentes
656 574 797 631 ipsum
828 573 978 618 falsum
1010 589 1103 618 esse
1134 574 1395 631 pristaldum.
1429 574 1582 617 Paulus
1614 574 1754 633 itaque
1774 573 1901 619 iudex
1920 591 2071 620 eorum

438 646 652 702 praecepit
684 659 921 689 assessores
952 644 1114 698 iudicis,
1146 645 1263 689 cuius
1296 660 1341 689 se
1373 645 1620 702 pristaldum
1665 645 1888 699 asserebat,
1934 645 2072 691 addu-

440 732 550 760 cere.
580 717 695 761 Dato
726 716 854 774 igitur
876 716 1074 769 termino,
1097 716 1270 760 adduxit
1291 717 1493 773 Joancam
1516 717 1733 770 comitem,
1753 717 1886 761 filium
1906 717 2071 774 johan-

437 788 501 831 nis
535 788 714 841 comitis,
747 787 1017 832 Clementem
1051 803 1148 831 cum
1178 787 1307 832 fratre
1339 804 1417 832 suo
1450 788 1562 841 Saul,
1606 787 1657 833 de
1689 804 1845 847 genere
1884 789 2073 846 episcopi

439 859 588 912 Budlu,
620 860 724 903 item
756 859 883 903 alium
916 859 1183 903 Clementem
1216 858 1268 902 de
1301 874 1458 917 genere
1491 861 1638 913 Borsa,
1670 861 1858 905 Germen
1890 859 1942 904 de
1973 860 2073 904 villa

435 929 544 973 Sisol
576 929 628 973 de
659 929 859 986 parochia
890 929 1191 987 Sumugiensi,1
1231 930 1508 975 Salomonem
1548 931 1599 975 de
1631 943 1763 988 ponte
1806 931 1982 989 Cepan?
2027 942 2070 974 et

434 1001 541 1052 Pisa,
573 1000 747 1044 curiales
780 1001 960 1044 comites
993 1000 1190 1044 dominae
1225 1001 1473 1054 Eufemiae,³
1508 1002 1737 1047 Nicolaum
1769 1002 1904 1046 filium
1923 1003 2072 1060 Wgra,

435 1072 521 1115 Pos
554 1071 606 1115 de
637 1071 735 1115 villa
767 1071 977 1115 Vndoch4
1010 1083 1053 1115 et
1085 1072 1200 1118 alios.
1233 1073 1295 1116 Ex
1326 1074 1391 1116 his
1421 1074 1562 1133 itaque
1591 1075 1786 1118 omnibus
1818 1074 1942 1118 electi
1972 1085 2071 1117 sunt

432 1143 664 1187 secundum
697 1143 918 1200 optionem
950 1142 1264 1188 adversantium
1294 1145 1496 1199 Johanca,
1526 1145 1636 1189 filius
1659 1146 1863 1202 Johannis
1885 1146 2071 1198 comitis,

434 1226 476 1260 et
508 1214 725 1266 Salomon,
768 1225 815 1257 ut
857 1214 916 1258 illi
961 1230 1058 1258 curn
1100 1216 1425 1271 praenominato
1471 1216 1672 1273 pristaldo
1716 1217 1760 1261 in
1803 1217 2068 1261 monasterio

433 1286 577 1343 Vgra⁵
609 1286 808 1337 iurantes,
838 1285 1083 1343 pristaldum
1118 1301 1314 1330 veracem
1347 1303 1439 1331 esse
1473 1278 1813 1345 comprobarent.
1844 1288 1913 1332 Ad
1939 1303 2068 1345 prae-

434 1358 588 1401 dictam
640 1370 785 1401 autem
831 1358 1054 1402 ecclesiam
1097 1359 1334 1411 venientes,
1375 1359 1578 1415 pristaldo
1623 1370 1666 1403 et
1710 1359 1887 1403 testibus
1929 1360 2068 1403 iurare

432 1429 687 1481 volentibus,
718 1429 946 1472 adversarii
978 1445 1130 1473 eorum
1161 1430 1389 1473 noluerunt
1433 1445 1509 1473 eos
1550 1430 1753 1475 adiurare.
1797 1430 2069 1487 Supradictus

434 1516 538 1557 ergo
571 1500 711 1553 iudex,
732 1501 840 1544 serie
861 1501 991 1544 totius
1024 1516 1172 1544 causae
1204 1500 1381 1544 domino
1414 1516 1507 1553 suo,
1539 1501 1654 1557 Mice
1686 1502 1846 1554 comiti,
1878 1501 2066 1557 recitata⁷

433 1583 474 1615 et
521 1572 769 1615 auctoritate
816 1572 944 1628 ipsius
991 1571 1208 1615 firmiore6
1268 1583 1450 1629 accepta,
1503 1587 1628 1629 saepe
1671 1573 1756 1616 iam
1802 1585 2067 1617 memoratos

431 1643 628 1686 homines
661 1643 713 1687 de
747 1642 843 1686 villa
875 1643 999 1699 Gyan
1030 1643 1212 1687 iudiciali
1243 1644 1453 1687 sententia
1484 1644 1799 1697 condemnavit,
1834 1655 1876 1687 et
1896 1643 2065 1701 praefa-

431 1726 522 1757 tum
555 1715 758 1772 Magnum
792 1715 835 1757 in
865 1715 1138 1771 possessione
1179 1726 1316 1758 terrae
1363 1730 1462 1758 suae
1503 1715 1784 1768 confirmavit,
1829 1714 1929 1759 dato
1973 1717 2066 1772 pri-

432 1785 546 1829 taldo
579 1786 755 1829 nomine
789 1785 999 1841 Dyonisio
1032 1785 1121 1828 filio
1155 1785 1345 1843 Ompud,
1378 1786 1430 1829 de
1463 1786 1681 1843 provincia
1703 1785 1876 1838 Zarand,
1894 1785 1950 1831 de
1969 1786 2067 1831 villa

436 1855 629 1900 Vosian.⁷
667 1857 762 1913 Ipse
826 1871 994 1914 quoque
1041 1857 1254 1914 praefatus
1298 1857 1423 1901 iudex
1469 1872 1565 1901 cum
1611 1856 1772 1901 eisdem
1815 1857 2064 1902 adversariis

576 1998 586 2018 ¹
615 1999 775 2046 Csicsaiy
801 1990 892 2035 olim
918 2012 1041 2047 pagu5‚
1085 2012 1180 2035 nunc
1207 2001 1395 2047 praedium
1431 2002 1469 2035 in
1508 2011 1604 2035 com.
1643 2001 1810 2047 Somogy
1847 2002 1891 2035 ab
1928 2002 2064 2048 oppido

430 2059 549 2093 Karad
574 2061 875 2104 septemtrionem
901 2071 1035 2094 versus.

575 2117 588 2137 ²
615 2117 719 2153 Olim
744 2130 856 2164 pagus
883 2119 1030 2164 Csep2in
1056 2120 1150 2154 inter
1175 2120 1352 2166 oppidum
1372 2119 1478 2153 Bihar
1493 2127 1528 2153 et
1542 2130 1678 2165 pagum
1691 2118 1950 2165 Nagy-Szanto
1968 2120 2065 2155 adia-

432 2178 544 2212 cebat.
579 2169 799 2212 Memoriam
825 2179 899 2212 eius
926 2179 1056 2213 retinet
1082 2179 1261 2225 quaedam
1287 2178 1459 2224 particula
1486 2179 1571 2223 agri.

573 2236 589 2256 ³
612 2236 657 2271 V.
683 2246 791 2283 supra
818 2249 871 2272 nr.
898 2247 954 2282 75,
982 2248 1037 2283 79,
1063 2237 1157 2272 infra
1185 2249 1238 2272 nr.
1270 2248 1344 2284 174.

574 2294 588 2314 4
613 2295 730 2330 Hodie
755 2295 902 2330 Andacs
928 2296 1116 2341 praedium
1141 2297 1184 2331 ab
1212 2297 1347 2343 oppido
1374 2296 1667 2343 Nagy·Szalonta
1691 2298 1992 2343 septemtrionem
2029 2306 2065 2333 et

433 2356 616 2390 orientem
640 2365 773 2389 versus.

573 2414 587 2433 ⁵
611 2414 730 2460 Pagus
755 2414 855 2460 Ugra
881 2415 978 2448 iuxta
1004 2414 1156 2449 fluvium
1183 2414 1340 2450 Crisium
1367 2414 1542 2457 velocem,
1584 2415 1675 2449 olim
1710 2415 2062 2463 Monostoros-Ugra

430 2481 667 2519 nuncupatus.

573 2532 586 2551 ⁶
610 2533 651 2567 ln
678 2532 837 2567 editione
863 2532 1025 2577 principe
1052 2544 1225 2568 erronee:
1254 2534 1467 2568 firmiorum.

573 2591 585 2612 ⁷
612 2592 686 2626 Aut
712 2603 823 2638 pagus
851 2591 1163 2638 Gyula-Varszind,
1191 2601 1251 2627 aut
1277 2603 1389 2638 pagus
1408 2591 1745 2627 Fazekas-Varsand
1763 2593 1801 2627 in
1820 2604 1915 2628 com.
1951 2594 2061 2634 Arad,

430 2650 519 2685 olim
545 2650 703 2684 Zaraind(
