2170 3210
428 337 585 380 mum,
632 317 714 370 illo
762 329 992 386 tempore
1041 319 1258 372 nostram
1312 328 1530 385 gentem,
1586 333 1702 369 cum
1755 334 1860 371 non
1907 319 1971 370 ita

427 406 618 475 pridem
686 405 746 457 ad
809 404 1228 460 Christianismum
1295 404 1532 458 conuersa
1600 403 1765 467 fuerat,
1830 423 1972 474 quae-

429 495 543 547 darn
599 510 778 546 eorum
829 511 938 561 quae
992 491 1266 545 voluntatis
1322 503 1458 544 erant
1512 491 1689 545 diuinae
1745 493 1972 562 ignorare

426 581 654 651 potuisse.
703 580 897 633 Deinde
948 580 1080 633 hunc
1129 580 1283 632 ritum
1344 579 1496 632 hodie
1556 580 1744 632 nemini
1792 580 1972 633 obtru-

429 669 491 731 di,
534 686 635 722 nec
676 670 776 722 hoc
827 667 1032 722 consilio
1085 668 1187 720 eius
1233 666 1465 736 exemplu
1506 668 1720 736 proponi
1767 680 1819 720 vt
1866 669 1972 738 quis

427 758 561 810 hunc
606 768 689 810 aut
731 755 939 810 fimilem
982 757 1133 808 ritum
1182 768 1316 808 extra
1352 755 1559 807 verbum
1595 755 1688 807 Dei
1730 754 1808 808 vel
1854 756 1973 809 imi-

426 857 569 907 tetur,
613 844 689 897 vel
736 856 921 897 tentare
966 843 1159 896 audeat:
1206 843 1315 900 Sed,
1353 855 1406 894 vt
1443 843 1557 895 hinc
1603 844 1782 912 partim
1825 844 1973 897 etiam

426 935 556 1002 apud
618 944 800 986 ceteras
869 932 1092 985 nationes
1158 931 1430 984 innotescat
1495 933 1712 986 nostram
1770 943 1973 1000 gentem

425 1021 538 1074 inde
593 1020 654 1073 ab
700 1020 841 1073 initio
892 1023 996 1072 suas
1046 1019 1261 1072 habuisse
1306 1018 1454 1088 legeS,
1499 1019 1629 1088 suaq;
1677 1018 1874 1075 iuditia:
1924 1021 1975 1073 δι

425 1109 608 1161 idcirco
653 1126 763 1161 eam
806 1106 927 1162 falso
963 1107 1150 1160 traduci
1194 1106 1331 1175 quod
1374 1106 1505 1160 nulla
1546 1107 1603 1160 fit
1646 1107 1699 1159 in
1742 1125 1799 1160 ea
1839 1106 1973 1177 poli-

425 1198 505 1259 tia,
558 1194 688 1248 nulla
736 1195 904 1264 legum
956 1197 1005 1249 ἃ
1051 1195 1336 1247 iuditiorum
1386 1194 1681 1259 obseruatiO,
1735 1194 1863 1248 nulla
1916 1195 1972 1250 s5

425 1284 557 1338 tium
606 1286 655 1337 &
698 1283 994 1337 malefitiorfi
1043 1282 1284 1352 legittima
1326 1282 1468 1335 vltio:
1520 1284 1695 1351 partim
1743 1294 1797 1335 vt
1844 1301 1974 1352 cog-

425 1373 669 1433 noscatur,
729 1372 948 1424 maxime
1010 1384 1175 1424 autem
1225 1389 1252 1423 a
1301 1371 1597 1425 nostratibus
1647 1370 1811 1439 quales
1857 1369 1973 1423 fue-

426 1461 521 1513 rint
582 1459 709 1512 olim
769 1459 1184 1514 administratores
1244 1458 1447 1527 Reipub.
1516 1459 1567 1511 in
1628 1461 1789 1514 nostra
1846 1462 1974 1528 gete,

426 1560 653 1618 quantaq;
727 1565 842 1599 cura
903 1549 952 1600 &
1013 1546 1315 1600 solicitudine
1376 1546 1606 1608 cauerint,
1673 1564 1736 1599 ne
1802 1546 1974 1601 iustam

426 1636 668 1689 habentes
736 1635 944 1696 causam,
1007 1635 1149 1689 causa
1209 1634 1450 1695 caderent,
1517 1634 1738 1703 iniuriaq;
1798 1633 1972 1687 affice-

426 1736 605 1777 rentur.
665 1723 799 1776 Nam
855 1724 942 1776 etsi
989 1723 1198 1775 verbnm
1254 1721 1451 1777 caelestis
1506 1722 1658 1791 patris
1711 1739 1817 1775 non
1870 1734 1972 1774 tam

428 1811 550 1864 clare
599 1811 813 1874 sonabat,
861 1811 928 1863 ob
985 1811 1195 1863 iniuram
1251 1810 1509 1879 temporis,
1566 1810 1620 1863 in
1667 1810 1862 1863 auribus
1908 1809 1971 1862 il-

426 1898 591 1952 lorum
641 1911 738 1967 atq;
785 1903 836 1952 in
879 1900 1052 1953 nostris
1090 1897 1242 1951 hodie
1278 1897 1443 1950 sonat:
1484 1901 1616 1952 tanse'
1658 1897 1738 1950 vel
1774 1897 1873 1966 ipsa
1909 1915 1973 1950 na

426 2000 532 2039 tura
582 1986 705 2039 duce
756 1987 944 2055 optime
993 1998 1248 2047 nouerant,
1299 1987 1414 2038 citra
1469 2003 1678 2038 omnem
1730 2002 1972 2054 persona-

426 2093 537 2129 rum
596 2074 875 2142 respeEmm
904 2099 908 2102 ¹
936 2073 1211 2127 secundum
1265 2072 1374 2127 illos
1429 2073 1647 2126 dandum
1697 2072 1792 2127 effe
1840 2072 1972 2125 iudi-

427 2163 570 2222 cium,
609 2163 691 2230 qui
725 2161 914 2214 bonam
951 2163 1001 2214 ἃ
1036 2162 1206 2216 iustam
1244 2161 1478 2214 haberent
1515 2178 1725 2213 causam.

494 2250 616 2302 Non
662 2248 807 2302 video
851 2249 997 2317 igitur
1041 2265 1125 2300 cur
1161 2249 1377 2303 studium
1422 2247 1542 2300 illud
1588 2251 1657 2301 115
1700 2248 1758 2300 fit
1799 2246 1972 2301 lauda-

425 2338 563 2401 dum,
614 2355 668 2389 ac
717 2337 872 2389 eciam
916 2335 1284 2388 admirandum:
1338 2353 1453 2388 curn
1497 2337 1546 2389 &
1594 2334 1745 2387 hodie
1795 2353 1870 2403 qae
1903 2337 1973 2390 est

425 2425 693 2478 hominum
753 2424 1037 2492 peruersitas
1097 2424 1339 2492 optadum
1395 2423 1521 2484 effet,
1570 2423 1606 2476 fi
1663 2422 1783 2475 citra
1831 2422 1972 2475 offen

424 2514 616 2566 fionem
676 2511 893 2563 diuinam
942 2510 1047 2563 fieri
1096 2512 1259 2579 posfit,
1309 2522 1362 2562 vt
1422 2509 1573 2564 fimile
1623 2509 1854 2578 quiddam
1901 2509 1972 2562 iu-

426 2600 557 2667 dicijs
617 2599 729 2667 ipfis
789 2597 1115 2658 adhiberetur,
1183 2616 1285 2666 quo
1347 2599 1510 2652 sontes
1579 2597 1638 2649 ab
1698 2597 1972 2651 insontibus

1690 2686 1739 2739 δε
1776 2685 1971 2738 causam
