2170 3210
736 582 818 627 AD
851 581 1187 627 LECTOREM.

130 703 492 749 ALEXANDER
523 702 594 747 ille
627 705 808 760 Magnus
842 716 940 746 cum
972 717 995 745 a
1025 712 1146 760 patre
1179 701 1490 754 adhortaretur,
1523 714 1582 756 vt,
1614 717 1712 746 cum
1744 712 1787 746 et

131 776 309 821 leuitate
343 775 553 834 corporis,
586 786 630 819 et
664 773 895 819 velocitate
940 773 1100 831 pedum
1142 773 1319 827 valeret,
1367 773 1632 831 Olympiacis
1676 773 1786 818 ludis

130 848 316 893 stadium
348 859 551 902 curreret,
589 846 746 892 dixisse
778 846 925 900 fertur,
964 861 1009 890 se
1042 846 1087 890 id
1129 845 1313 890 libenter
1357 862 1451 890 esse
1496 846 1720 900 facturum,
1751 846 1787 890 si

131 920 273 979 Reges
294 930 508 964 certantes
527 919 707 965 videret.
739 918 872 963 Iulius
893 933 1000 962 vero
1021 918 1180 963 Caesar
1198 919 1360 976 primus
1389 918 1515 962 Rom.
1537 919 1790 977 Imperator,

133 1007 231 1036 cum
261 991 426 1050 legeret
447 1007 515 1036 res
537 1002 680 1050 gestas
701 990 815 1036 illius
838 990 1081 1044 Alexandri,
1103 990 1522 1048 collachrymauisse,
1544 990 1787 1051 dixisseque

131 1063 186 1108 ad
216 1064 403 1109 amicos:
435 1065 472 1109 is
506 1079 603 1108 cum
637 1067 716 1107 hac
752 1074 866 1107 esset
899 1074 1038 1107 aetate
1072 1063 1253 1107 Darium
1284 1063 1400 1116 vicit,
1443 1062 1548 1107 mihi
1592 1078 1698 1107 vero
1741 1065 1787 1108 in

132 1136 243 1180 hanc
275 1151 408 1195 usque
441 1135 558 1180 diem
589 1135 698 1180 nihil
731 1146 797 1179 est
829 1146 1023 1192 gestum:
1057 1135 1110 1178 Et
1141 1150 1289 1179 rursus
1321 1149 1420 1178 cum
1464 1136 1558 1179 iure
1603 1134 1787 1180 dicendo

134 1207 388 1253 Conventus
420 1208 665 1253 circumiret
699 1207 927 1266 Gadesque
949 1208 1152 1261 venisset,
1174 1206 1469 1252 animadversa
1514 1207 1625 1265 apud
1669 1208 1787 1252 Her-

133 1279 239 1325 culis
271 1281 479 1337 templum
514 1279 746 1324 Alexandri
779 1281 969 1338 imagine
1001 1280 1278 1337 ingemuisse,
1311 1290 1353 1322 et
1385 1279 1503 1338 quasi
1542 1291 1788 1337 pertaesum

133 1367 228 1397 esse
259 1352 476 1411 ignauiam
507 1367 643 1407 suam,
679 1352 796 1411 quod
826 1351 934 1397 nihil
965 1362 1057 1395 tum
1078 1367 1102 1395 a
1125 1366 1169 1395 se
1190 1350 1472 1396 memorabile
1495 1363 1639 1397 actum
1671 1363 1786 1397 esset

133 1426 180 1470 in
211 1435 365 1478 aetate,
397 1439 479 1483 qua
511 1423 759 1468 Alexander
790 1423 941 1469 orbem
974 1435 1183 1468 terrarum
1215 1423 1468 1482 subegisset.
1501 1424 1615 1468 Cum
1643 1425 1787 1484 itaque

132 1496 528 1541 manifestissimum
573 1512 621 1541 ac
666 1497 957 1541 certissimum
1002 1497 1057 1540 sit
1101 1496 1306 1553 exemplis
1352 1495 1579 1540 hominum
1616 1497 1788 1555 ingenia

131 1569 270 1627 magis
301 1569 469 1614 moueri
502 1584 630 1628 quam
663 1569 819 1622 verbis,
850 1584 939 1612 non
972 1567 1114 1612 solum
1146 1567 1323 1625 plebeia,
1353 1583 1507 1612 verum
1544 1569 1672 1613 etiam
1705 1585 1786 1614 ex-

132 1640 340 1695 cellentia,
370 1641 622 1699 prudentiae
655 1644 847 1698 plenum,
878 1641 1112 1684 honesturn
1150 1655 1199 1684 ac
1245 1641 1372 1684 etiam
1416 1640 1520 1684 vtile
1563 1640 1787 1685 consilium

133 1728 228 1757 esse
259 1712 416 1766 iudico,
447 1728 534 1772 quo
568 1712 970 1758 Reuerendissimus
1003 1713 1215 1756 Dominus
1247 1713 1289 1757 F.
1314 1712 1530 1770 Georgius
1553 1712 1787 1770 Episcopus

139 1783 428 1839 Varadiensis‚
460 1785 582 1843 regni
614 1786 835 1843 Hungarie
869 1797 911 1828 et
943 1784 1289 1828 Transsiluaniae
1321 1784 1453 1829 Iudex
1485 1784 1694 1842 generalis
1741 1800 1789 1828 ac

135 1856 302 1901 Locum
336 1868 487 1901 tenens
521 1868 600 1902 etc.
637 1858 884 1915 exemplum
917 1872 992 1900 seu
1014 1857 1143 1900 ritum
1165 1856 1452 1914 explorandae
1475 1857 1678 1910 veritatis,
1701 1872 1786 1916 quo

133 1939 282 1973 nostra
314 1944 420 1987 gens
451 1928 492 1972 h.
528 1944 562 1974 e.
598 1929 845 1986 Hungarica
878 1940 975 1972 ante
1009 1944 1144 1972 annos
1177 1940 1394 1973 trecentos
1429 1940 1471 1972 et
1512 1928 1789 1988 quadraginta

134 2000 234 2045 Bela
258 2001 331 2046 IV.
365 2001 482 2059 Rege
517 2001 772 2059 Hungariae‚
805 2002 848 2044 in
882 2001 1186 2044 controuersiis
1219 2000 1467 2045 dirimendis
1499 2016 1574 2044 vsa
1609 2013 1673 2044 est
1706 2016 1788 2044 vna

134 2088 234 2117 curn
264 2073 390 2118 certis
425 2074 515 2118 eius
548 2074 811 2118 testimoniis
844 2074 887 2117 in
921 2073 1113 2118 Sacrario
1145 2073 1303 2117 summi
1335 2072 1485 2130 templi
1518 2073 1789 2117 Waradiensi

134 2145 328 2203 repertis,
359 2161 407 2190 ac
440 2145 643 2204 singulari
677 2145 895 2204 diligentia
935 2144 1138 2198 collectiS,
1183 2145 1378 2204 bonaque
1424 2144 1509 2189 fide
1554 2144 1789 2202 descriptis,

135 2217 221 2261 suis
253 2217 489 2275 sumptibus
523 2218 635 2275 typis
668 2217 824 2262 excudi
857 2229 900 2261 et
931 2217 974 2260 in
1005 2216 1145 2260 lucem
1178 2216 1246 2261 edi
1287 2217 1461 2261 curauit.
1506 2217 1620 2261 Nam
1664 2216 1787 2260 huius

135 2288 199 2332 rei
230 2289 437 2347 cognitio,
470 2305 569 2334 curn
602 2305 656 2333 ex
689 2305 737 2334 ea
770 2289 891 2333 facile
924 2289 1103 2346 intelligi
1124 2302 1270 2346 poteSt
1289 2288 1500 2346 prioribus
1523 2288 1788 2345 temporibus

137 2371 345 2419 quantum
377 2361 504 2406 fuerit
536 2361 727 2406 studium
750 2373 961 2420 quantaue
984 2360 1202 2418 diligentia
1222 2361 1415 2419 ipsorum
1439 2360 1787 2404 Gubernatorum

140 2442 184 2476 et
214 2431 421 2486 Iudicum,
452 2449 506 2478 ne
539 2433 778 2478 secundum
822 2448 912 2487 eos,
957 2433 1028 2492 qui
1071 2433 1271 2477 iniustam
1316 2433 1562 2477 habuissent
1606 2447 1789 2485 causam,

140 2503 408 2558 iudicaretur,
440 2517 744 2564 praeterquam
777 2505 892 2564 quod
925 2504 1116 2560 delectat,
1150 2505 1286 2549 eciam
1318 2516 1467 2548 monet
1501 2519 1653 2548 omnes
1689 2504 1787 2563 qui-

137 2574 238 2620 dem
290 2576 488 2620 homines
540 2577 828 2636 cuiuscunque
877 2576 1074 2630 nationis,
1127 2577 1335 2634 imprimis
1383 2588 1527 2620 tamen
1575 2586 1788 2620 nostrates

140 2646 286 2706 (turpe
319 2660 384 2692 est
418 2648 629 2707 siquidem
659 2650 703 2693 in
735 2664 780 2692 re
814 2649 999 2692 honesta
1042 2648 1255 2692 maiorum
1298 2664 1386 2692 non
1426 2647 1546 2706 sequi
1578 2647 1789 2706 studium)
