2170 3210
1683 144 1746 180 ¹73

99 274 215 328 dum,
245 275 423 320 nomine
455 274 699 319 Vodassam
730 274 783 320 de
827 274 927 319 villa
971 275 1099 328 Nec,¹
1143 276 1216 336 qui
1260 291 1357 320 curn
1403 275 1504 320 iussi
1549 276 1752 321 exhibere

103 346 290 392 eundem
321 346 572 405 pristaldum
603 347 879 399 tribuissent,2
913 347 1028 391 cives
1062 346 1114 391 de
1147 347 1339 392 Cornust
1382 363 1473 392 non
1518 348 1608 393 ausi
1651 360 1752 392 sunt

103 419 143 464 ei
171 418 327 464 vitium
358 418 551 464 falsitatis
579 433 813 477 opponere.
848 419 1016 473 Quibus
1056 418 1320 476 supradictus
1365 419 1493 465 iudex
1539 419 1753 466 condem-

101 491 210 536 natis
241 491 359 550 ipsos
391 502 434 535 et
465 491 571 536 item
604 490 784 536 villanos
816 490 869 535 de
902 490 983 535 Sos
1015 506 1091 549 per
1123 490 1353 544 Gilianum‚
1385 491 1520 536 filium
1563 492 1753 537 Bocion³

103 563 478 608 contubernarium
511 579 638 608 suum
669 562 932 608 Varadinum
964 563 1210 616 transmisit,
1235 564 1305 607 ubi
1325 563 1541 622 praefatus
1562 564 1755 609 Gilianus

105 650 158 679 ex
189 647 309 694 parte
341 635 460 692 Mice
491 635 676 680 Comitis
709 650 755 679 se
787 635 1084 679 transmissum
1117 650 1210 680 esse
1243 636 1401 690 dicens,
1439 651 1586 681 coram
1623 651 1755 695 prae-

106 706 230 753 dictis
281 707 469 766 partibus
496 711 560 752 'et
610 706 815 766 pristaldo
867 707 1145 765 praemissam
1197 723 1369 752 causam
1412 724 1466 753 eo
1512 708 1662 753 ordine
1707 724 1756 753 ac

105 790 274 834 tenore,
303 795 390 839 quo
427 780 633 837 scriptum
677 791 754 832 est,
797 780 1010 824 enarravit
1055 791 1099 824 et
1143 780 1438 838 praesentibus
1482 780 1616 825 literis
1657 780 1757 826 fecit

106 862 328 898 aeternari.

763 930 839 975 Nr.
877 943 943 987 52.
976 930 1109 988 (148)

248 1001 422 1056 Bulsuh,
453 1001 538 1046 dux
572 1002 782 1047 exercitus
815 1001 867 1046 de
900 1013 1041 1046 castro
1088 1003 1275 1056 Zounuc,
1320 1015 1374 1059 et,
1418 1014 1465 1047 ut
1509 1004 1599 1062 ipse
1641 1003 1760 1057 dixit,

108 1073 180 1119 alii
209 1073 459 1132 iobagiones
492 1074 684 1119 eiusdem
710 1074 847 1127 castri,
878 1075 984 1119 item
1020 1074 1215 1129 Bucicud,
1247 1087 1303 1129 et,
1336 1086 1382 1119 ut
1414 1076 1503 1133 ipse
1537 1075 1656 1130 dixit,
1689 1075 1760 1120 alii

109 1157 344 1191 castrenses
377 1146 654 1205 impetierunt
684 1146 943 1191 Felicianum
975 1158 1018 1191 et
1051 1146 1226 1191 fratrem
1259 1148 1351 1192 eius
1382 1147 1604 1193 Thomam
1633 1159 1760 1207 atque

111 1218 366 1277 Georgium,
398 1230 604 1277 nepotem
637 1217 888 1272 eorundem,
928 1217 1132 1271 dicenteS,
1176 1218 1293 1278 quod
1336 1231 1480 1264 essent
1525 1231 1762 1265 castrenses

111 1289 165 1335 de
196 1290 393 1345 Zounuk,
423 1289 562 1336 iudice
596 1290 833 1349 Smaragdo
863 1291 1022 1335 comite
1046 1290 1239 1336 eiusdem
1261 1292 1400 1346 castri,
1417 1307 1440 1336 a
1464 1307 1566 1350 rege
1588 1292 1762 1338 Andrea

111 1361 325 1421 delegate,
354 1362 562 1421 pristaldo
594 1362 766 1408 Andrea
799 1362 851 1408 de
885 1362 983 1407 villa
1014 1363 1162 1409 Kari1.4
1195 1363 1411 1422 Georgius
1443 1365 1584 1424 itaque
1612 1380 1692 1423 pro
1716 1381 1763 1410 se

112 1445 156 1479 et
186 1434 382 1494 cognatis
413 1435 499 1479 suis
530 1435 876 1493 praenominatis,
907 1446 1080 1493 portato
1114 1435 1229 1479 ferro
1262 1435 1497 1491 Waradini,
1532 1453 1630 1481 cum
1652 1437 1763 1482 solvi

114 1505 302 1561 deberet,
333 1522 423 1551 non
455 1518 521 1551 est
552 1508 786 1565 permissus
820 1507 980 1551 absolvi
1014 1522 1037 1550 a
1075 1507 1204 1551 Bulsu
1250 1520 1292 1552 et
1336 1508 1534 1563 Bucicud,
1578 1525 1762 1570 quorum

114 1590 292 1638 uterque
323 1578 417 1623 vice
449 1590 492 1623 et
523 1579 568 1623 in
587 1594 772 1637 persona
799 1578 1141 1623 adversariorum
1161 1595 1340 1624 suorum
1360 1595 1406 1625 se
1429 1592 1540 1625 stare
1561 1581 1766 1636 dicenteS,

115 1650 452 1709 resignaverunt,
490 1650 732 1709 praedictos
764 1651 1037 1705 Felicianum‚
1068 1650 1289 1696 Thomam
1321 1664 1365 1697 et
1397 1653 1637 1712 Georgium
1670 1670 1766 1699 esse

116 1722 500 1778 omninojiberos,
531 1733 578 1767 ut
610 1723 669 1767 illi
701 1722 753 1767 de
786 1738 833 1767 se
866 1722 1122 1768 asserebant.

766 1855 845 1899 Nr·
883 1868 948 1912 53-
980 1854 1115 1913 (149·)

257 1938 411 1983 Buciur
442 1938 495 1983 de
526 1938 624 1982 villa
652 1939 955 1983 Puklusteluc⁵
975 1940 1158 1997 impetiit
1181 1941 1443 1986 convillanos
1466 1958 1581 1997 suOS,
1602 1943 1767 1988 Lekam

119 2021 164 2055 et
193 2010 354 2064 Isoum,
385 2009 438 2055 de
470 2010 710 2065 latrocinio,
740 2011 879 2055 iudice
912 2011 1059 2065 Paulo,
1091 2013 1236 2057 curiali
1268 2014 1427 2058 comite
1460 2013 1513 2059 de
1546 2015 1704 2060 Bichor
1724 2028 1769 2061 et

120 2081 290 2127 Ciboud
321 2081 471 2136 biloto,
502 2082 707 2141 pristaldo
740 2084 859 2128 Vica.
892 2084 1003 2127 Leca
1034 2084 1175 2143 itaque
1208 2096 1258 2129 et·
1284 2085 1398 2139 Isou,
1430 2098 1604 2144 portato
1638 2087 1771 2142 ferr0,

121 2153 325 2199 Varadini
355 2154 569 2199 iustificati
600 2167 710 2201 sunt.

266 2274 277 2296 ¹
307 2275 413 2323 Nyek
444 2287 557 2323 pagus
583 2288 697 2323 prope
724 2276 1181 2324 Berettyo-Szentmzirton.
1207 2277 1309 2314 Infra
1336 2291 1388 2315 nr.
1420 2289 1496 2327 109,
1530 2291 1606 2326 157.

265 2334 280 2355 ²
305 2335 454 2371 Rectius
478 2336 741 2372 verisimiliter:
770 2337 933 2372 fuissent.

269 2395 283 2416 ⁸
308 2394 409 2431 Infra
435 2407 488 2431 nr.
516 2406 597 2442 274,
626 2407 703 2442 317.

266 2455 281 2477 ⁴
306 2455 345 2491 Si
372 2458 619 2502 possessiones
644 2456 770 2492 iudicis
802 2456 993 2503 Smaragdi
1033 2468 1119 2504 prae
1157 2458 1275 2494 oculis
1314 2459 1504 2503 habemus,
1543 2460 1640 2495 haud
1677 2472 1773 2496 vane

124 2515 392 2557 concludimus,
418 2527 558 2552 nomen
584 2516 728 2552 «Karib
757 2528 909 2552 erronee
934 2518 1108 2564 scriptum
1135 2530 1211 2554 esse
1237 2530 1302 2565 pro
1332 2520 1488 2556 «Karol»
1517 2527 1552 2556 et
1590 2520 1774 2566 significat

125 2586 260 2622 pagum
286 2574 425 2622 Kdroly
448 2575 691 2623 (Kis-Kziroly)
718 2588 738 2611 a
765 2588 859 2623 pago
887 2577 1108 2623 Szeghalom
1133 2578 1366 2614 occidentem
1392 2590 1514 2614 versus
1541 2579 1774 2615 adiacentem

125 2636 164 2671 in
190 2646 287 2671 com.
314 2634 431 2670 Bekes
456 2635 568 2681 (nunc
595 2636 809 2682 praedium).

269 2694 283 2715 ⁶
306 2694 536 2731 Poklostelek
563 2707 675 2743 pagus
702 2708 721 2731 a
747 2697 944 2743 Szentjobb
972 2698 1155 2733 orientem
1182 2709 1304 2734 versus
1332 2699 1369 2734 in
1397 2710 1493 2734 com.
1521 2698 1638 2734 Bihar.
