2170 3210
164 291 232 343 Vt
291 288 467 355 iustitie
527 292 598 343 116
661 289 947 343 dominetur
1008 289 1252 358 iniquitaS,
1315 288 1398 342 sed
1459 289 1693 345 subdetur

128 395 262 432 nunc
299 378 349 431 &
385 377 579 447 semper
623 376 797 431 salfitas
848 377 1042 430 veritati
1091 390 1205 431 tuae.
1253 377 1359 434 Res.
1411 379 1488 432 Te
1537 397 1691 450 roga-

126 485 242 521 mus
285 465 399 519 audi
447 484 557 520 nos.
606 467 673 518 Vt
720 484 894 520 verum
944 467 1131 522 iudicia
1181 466 1334 521 hodie
1382 468 1528 521 nobis
1578 487 1691 522 ma-

126 555 351 612 nifestare
395 555 626 625 digneris,
683 555 741 610 R.
793 568 845 608 te
896 573 1006 624 rog.
1059 556 1238 627 Agnus
1289 555 1381 610 dei.
1435 557 1548 625 Xpe
1598 576 1690 612 au-

126 645 174 699 di
211 663 324 699 nos,
363 647 489 713 Xpe.
529 643 704 697 exaudi
741 662 852 697 nos
892 642 1070 713 Kyriel.
1109 663 1152 697 X.
1180 645 1228 698 k.

338 734 514 789 Postea
570 733 796 786 dicantur
851 734 1106 786 orationes
1161 733 1222 786 ad
1278 733 1476 788 ferrum.

195 821 410 878 Benedic
470 822 676 875 domine
739 822 884 876 Sacie
946 835 1098 892 pater,
1159 840 1247 892 per
1313 824 1689 877 inuocationem

122 913 408 968 sanctissimi
463 913 684 965 nominis
739 912 809 964 tui
872 913 921 965 &
980 929 1066 981 per
1128 911 1399 966 aduentum
1460 914 1690 982 vnigeni-

121 1002 161 1055 ti
196 1001 278 1070 filij
315 1001 392 1053 tui
432 1000 623 1053 domini
660 1000 810 1055 nostri
861 1000 969 1055 Iesu
1020 1000 1206 1063 Christi,
1258 1013 1355 1070 atq3
1403 1021 1438 1071 p
1489 1002 1687 1055 donum

122 1090 321 1161 spiritus
381 1087 546 1154 sanc’ti,
607 1090 668 1142 ad
730 1088 1150 1145 manifestandum
1213 1108 1391 1144 uerum
1458 1091 1687 1146 iuditium

122 1192 282 1242 tuum,
320 1180 419 1234 hoc
455 1196 617 1249 genus
661 1177 860 1243 metalli,
909 1192 961 1231 vt
1011 1180 1069 1232 fit
1120 1179 1477 1234 sanctificatum
1526 1181 1576 1235 ἃ
1624 1183 1686 1234 εό

121 1267 362 1323 sectatum
422 1268 484 1321 ad
545 1266 964 1323 manifestandum
1031 1287 1205 1322 verum
1273 1269 1459 1324 iudicifi
1525 1282 1687 1331 tuum,

121 1370 175 1411 vt
230 1357 376 1411 omni
432 1357 725 1411 daemonum
781 1355 980 1410 falfitate
1035 1357 1210 1426 procul
1270 1370 1464 1411 remota
1524 1357 1686 1412 fideli-

122 1448 216 1501 bus
263 1447 366 1499 tuis
413 1446 595 1499 veritas
644 1447 746 1497 veri
795 1445 960 1513 iudicii
1011 1446 1096 1508 tui,
1147 1445 1404 1503 manifesta
1453 1447 1551 1510 fiat,
1600 1466 1687 1517 per

123 1554 241 1590 eum
279 1540 360 1605 qui
396 1548 635 1588 venturus
673 1537 740 1590 est
783 1535 999 1587 iudicare
1049 1536 1192 1589 viuos
1241 1538 1291 1590 &
1340 1549 1588 1600 mortuoS,
1637 1551 1686 1591 et

124 1623 341 1680 seculum
377 1643 412 1693 p
450 1624 636 1694 ignem.
676 1626 860 1678 Amen.

734 1712 841 1765 Alia
878 1712 1071 1766 Oratio,

169 1803 308 1856 Deus
362 1802 510 1856 iudex
564 1803 727 1863 iustuS,
778 1803 861 1870 qui
910 1814 1055 1854 autor
1103 1802 1234 1871 pacis
1285 1820 1349 1864 eS,
1400 1804 1449 1856 ἃ
1497 1803 1686 1857 iudicas

122 1892 417 1961 aequitatem.
475 1891 554 1943 Te
610 1889 888 1960 suppliciter
946 1908 1226 1953 exoramuS,
1283 1903 1338 1945 vt
1393 1892 1493 1945 hoc
1555 1891 1683 1947 ferrfi

121 1981 348 2050 ignitum,
410 1981 472 2034 ad
533 1980 707 2035 iustam
768 1979 1192 2033 examinationem
1260 1980 1514 2035 cuiussibet
1589 1981 1685 2034 du-

120 2069 319 2123 bietatis
379 2068 669 2133 faciendam,
729 2068 1019 2121 benedicere
1087 2069 1136 2122 &
1201 2068 1500 2123 sanstificare
1569 2071 1684 2140 dig-

122 2159 263 2212 neris,
302 2158 375 2211 Ita
411 2170 463 2210 vt
501 2159 537 2211 fi
574 2158 816 2210 innocens
867 2159 924 2210 fit
973 2158 1137 2211 homo
1189 2157 1276 2214 iste
1327 2158 1388 2211 de
1436 2159 1683 2228 praenomi

120 2260 232 2300 nata
287 2245 439 2309 causa,
496 2246 624 2299 vnde
673 2246 902 2316 purgatio
955 2246 1168 2315 quereda
1218 2250 1299 2310 est,
1349 2247 1448 2301 hoc
1498 2247 1683 2301 ferrum

119 2337 344 2405 ignitum,
401 2354 517 2388 cum
573 2354 726 2388 manu
783 2335 985 2403 accepit,
1042 2334 1200 2402 illesus
1250 2349 1494 2406 appareat,
1550 2338 1599 2390 δι
1649 2337 1683 2389 fi

121 2423 368 2494 culpabilis
406 2425 474 2486 fit,
513 2425 760 2479 iustisfima
799 2425 855 2477 fit
893 2424 952 2476 ad
991 2425 1090 2479 hoc
1126 2425 1282 2478 virtus
1318 2439 1416 2488 tua,
1454 2440 1506 2479 vt
1548 2430 1577 2479 ‘i'
1620 2443 1683 2478 eo

120 2514 300 2568 veritas
362 2512 644 2566 declaretur.
709 2515 974 2578 Quatenus
1037 2513 1226 2569 iustitiae
1293 2533 1401 2568 non
1476 2515 1682 2567 domine

119 2615 200 2657 tur
255 2602 498 2670 iniquitaS,
553 2601 633 2655 sed
691 2601 923 2655 subdatur
977 2602 1115 2671 ffiper
1170 2602 1346 2656 falfitas
1394 2604 1597 2657 veritati.
1648 2620 1682 2670 p

1190 2692 1239 2743 T
1314 2710 1342 2743 2
