2170 3210
205 303 287 372 qui
329 301 467 354 Mico
518 301 568 354 &
618 299 795 353 Paulus
852 297 1000 352 frater
1048 300 1216 352 vxoris
1268 301 1370 352 eius
1420 313 1672 354 traxerunt
1719 301 1772 353 in

204 389 400 444 causam
455 390 778 443 nominatum
827 388 1074 441 Ioannem
1125 391 1175 443 δε
1224 387 1425 442 fratrem
1478 390 1628 459 ipsius
1690 392 1771 444 Iro

203 497 350 533 mom
406 479 670 543 sacerdote,
726 496 821 548 pro
884 476 1122 545 dotalicijs
1179 476 1377 547 praefate
1422 478 1652 541 mulieris,
1710 497 1773 532 an

202 581 252 622 te
306 567 647 621 Alexandrum
702 566 1115 620 Waradinensem
1178 567 1484 636 episcopum,
1547 569 1655 638 Ipse
1709 586 1774 621 au

203 669 309 711 tem
373 657 585 710 eandem
649 655 844 709 causam
914 656 1161 726 delegauit
1224 657 1481 727 Stephano
1536 656 1775 711 Archidia

204 765 342 800 cono
386 748 436 801 &
479 746 797 800 Oeconomo
846 744 936 799 suo
988 745 1163 798 debito
1214 745 1313 798 fine
1369 746 1658 808 decidenda,
1701 745 1774 798 Illi

203 854 323 889 vero
374 840 492 890 cora
545 834 630 887 illo
686 834 899 890 costituti
959 832 1318 904 responderunt
1378 835 1426 889 se
1477 837 1622 890 dotes
1671 834 1775 888 illas

202 925 417 979 totaliter
476 923 705 993 psoluifle
767 929 884 979 cora
944 925 1137 978 idoneis
1198 924 1364 979 testib9
1427 923 1488 977 de
1550 925 1775 994 proui'cia

202 1013 380 1084 ipsorfi,
437 1015 597 1078 Quod
661 1021 722 1067 cfi
783 1012 1001 1066 iamdicti
1062 1016 1258 1066 actores
1316 1025 1570 1083 negarent,
1621 1014 1776 1067 Ioan-

202 1121 295 1157 nes
330 1105 381 1158 &
415 1103 639 1156 Yromus
690 1102 799 1156 iusfi
857 1102 970 1156 sunt
1018 1105 1163 1158 testes
1213 1103 1329 1156 suos
1382 1102 1626 1162 exhibere,
1667 1103 1774 1167 Qui

202 1193 297 1246 bus
359 1192 600 1257 exhibitis,
663 1191 893 1261 praefatus
943 1191 1091 1246 iudex
1147 1191 1421 1261 delegatuS,
1472 1191 1637 1261 posuit
1686 1193 1773 1246 su-

201 1299 289 1352 per
342 1282 681 1334 Iuramentum
730 1281 878 1350 ipsius
927 1282 1131 1334 Ioannis
1182 1281 1231 1334 &
1277 1282 1445 1343 Iromi‚
1494 1283 1544 1335 &
1592 1294 1775 1351 praete-

201 1389 283 1424 rea
321 1371 494 1424 decem
533 1371 732 1426 testium
788 1369 830 1424 .s.
874 1369 1002 1423 Lodi
1053 1370 1260 1423 Abbatis
1309 1371 1372 1422 de
1425 1369 1591 1434 Cholt,
1641 1369 1773 1422 Hes-

204 1478 263 1513 ce
300 1460 363 1513 de
413 1459 524 1514 villa
575 1458 738 1520 Carol,
789 1460 945 1528 Apae,
1009 1459 1168 1522 Micae‚
1230 1460 1445 1524 IoanniS,
1507 1460 1773 1520 Dominici,

203 1550 254 1604 &
288 1548 439 1602 Balad
476 1548 537 1601 de
586 1567 768 1618 genere
820 1547 987 1612 Borsa,
1036 1548 1287 1602 Leonardi
1339 1548 1400 1601 de
1450 1567 1632 1619 genere
1670 1549 1774 1601 Zu-

203 1638 310 1701 ord,
359 1638 597 1692 Beliamin
659 1637 926 1692 sacerdotis
977 1637 1037 1690 de
1085 1636 1195 1689 villa
1245 1637 1492 1708 Zigholm,
1542 1639 1593 1692 &
1639 1640 1775 1692 Pau-

201 1726 234 1781 li
271 1728 467 1781 comitis
506 1727 567 1780 de
611 1745 796 1798 genere
848 1726 1120 1796 Smaragdi,
1171 1727 1277 1791 Qui
1329 1745 1507 1780 omnes
1558 1745 1673 1780 cum
1711 1727 1772 1779 ad

201 1815 517 1886 sepulchrum
592 1815 744 1869 sancti
807 1815 1009 1868 Ladissai
1069 1815 1221 1885 Regis
1288 1817 1486 1871 iuraturi
1549 1815 1774 1870 accessis-

204 1905 324 1967 sent,
361 1904 486 1974 saepe
522 1905 619 1957 iam
671 1905 788 1958 dieti
838 1907 1034 1958 actores
1072 1922 1178 1958 non
1227 1906 1328 1959 aus1
1378 1904 1488 1959 sunt
1533 1923 1623 1959 eos
1661 1905 1771 1957 adiu

204 2011 311 2048 rare
360 1992 403 2048 .s.
459 1992 766 2047 aduersarios
817 1993 932 2047 suos
982 2011 1075 2063 pro
1126 1994 1264 2050 iustis
1322 1995 1631 2048 dimittendis
1680 2012 1773 2063 pa-

205 2102 318 2137 cem
375 2101 570 2146 eorum,
620 2083 865 2137 internetu
917 2083 1212 2146 amicorum,
1264 2084 1609 2153 impetrarunt,
1671 2102 1771 2152 prae

203 2171 339 2227 sente
399 2171 628 2242 pristaldo
698 2173 846 2242 ipfius
921 2173 1060 2227 cause
1134 2173 1390 2227 Beniamin
1453 2172 1772 2226 vicearchidia

206 2278 340 2315 cono
379 2262 440 2315 de
476 2261 586 2315 villa
622 2262 798 2315 Nadan

133 2365 188 2398 ²⁴⁸
313 2350 586 2405 Multitudo
624 2351 941 2407 castrenfium
988 2351 1050 2403 de
1096 2350 1306 2418 Bursod,
1358 2353 1408 2405 &
1445 2351 1648 2421 quidam
1684 2351 1770 2416 iou

205 2438 450 2510 bagiones
502 2439 720 2493 eiusdem
766 2440 900 2495 castri
951 2439 995 2494 .s.
1046 2441 1234 2502 Petrus,
1291 2442 1340 2494 &
1392 2440 1624 2501 Colman,
1675 2456 1774 2491 vo-

208 2528 388 2581 ciferati
462 2529 573 2584 sunt
636 2542 809 2582 contra
871 2529 1183 2582 Demetrium
1248 2531 1487 2583 comitem
1550 2527 1771 2599 ipsorum

206 2617 330 2688 Regi
372 2617 585 2685 Andree,
642 2618 874 2681 dicenteS,
937 2618 1075 2687 quod
1125 2619 1310 2673 iniustis
1372 2618 1557 2685 iudicijs
1619 2618 1669 2670 &
1722 2616 1772 2668 in
