2170 3210
544 310 677 364 taldo
740 310 988 378 Gregorio
1047 308 1302 378 praedicto,
1350 309 1580 378 praefatus
1635 308 1792 362 Torsa
1841 309 1903 362 ad
1949 308 2090 418 solu-

547 400 742 452 cionem
779 414 956 451 manus
992 416 1099 451 non
1137 398 1286 451 exiuit
1322 397 1383 449 de
1420 395 1631 450 ecclefia.

649 488 840 540 Vrman
889 486 949 539 de
1002 485 1112 538 villa
1159 485 1303 538 Erdei
1359 485 1577 553 impecjit
1631 484 1957 538 conuillanam
2005 486 2088 540 sua

548 579 592 629 .s.
634 592 845 629 vxorem
892 576 1042 628 Batur
1089 590 1181 642 pro
1237 572 1488 634 adulterio,
1537 572 1701 625 Iudice
1750 590 1928 626 eorum
1975 573 2090 626 Ma-

544 664 672 725 dian,
733 664 783 716 &
841 662 1010 714 Iudice
1071 661 1439 714 Archidiacono
1501 661 1647 713 Petro
1707 660 1930 730 pristaldo
1990 661 2089 714 Hul

543 752 642 820 deg
678 751 739 803 de
784 750 960 803 eadem
1009 748 1133 814 villa,
1189 748 1300 813 Qui
1353 748 1583 802 Varadini
1636 766 1726 817 pro
1779 749 1920 802 bono
1956 750 2087 819 pacis

541 839 696 892 taliter
733 849 1090 900 conuenerunt,
1153 837 1314 901 Quod
1373 854 1499 889 vxor
1558 838 1710 890 Batur
1763 837 1965 891 iudicib⁹
2009 837 2088 890 sa-

540 926 786 989 tisfaceret,
824 927 1013 979 Vrman
1048 943 1168 978 vero
1205 924 1453 980 Pristaldo.

646 1016 824 1069 Simon
861 1015 922 1066 de
959 1013 1068 1066 villa
1117 1013 1275 1082 Gyad,
1312 1012 1449 1065 Teca
1503 1013 1563 1066 de
1611 1012 1718 1065 villa
1755 1013 1882 1066 Tata
1923 1011 2087 1083 impe-

540 1104 723 1156 cierunt
782 1102 1035 1157 Andream
1097 1102 1158 1154 de
1219 1100 1329 1153 villa
1391 1101 1648 1171 Seuryegu
1689 1119 1781 1170 pro
1843 1101 2088 1172 quinqua-

537 1192 671 1261 ginta
731 1191 919 1252 marcis,
979 1190 1141 1243 Iudice
1195 1189 1403 1242 Nicolao
1465 1188 1684 1242 Palatino
1740 1190 1937 1251 comite,
1990 1190 2091 1242 Pris

537 1279 672 1332 taldo
728 1277 905 1342 Erded,
958 1278 1317 1350 Praedictorum
1378 1277 1610 1330 homines
1669 1280 1714 1329 .s.
1771 1276 1988 1331 Simonis
2036 1279 2087 1332 &

538 1367 693 1431 Teke,
729 1379 925 1435 portato
964 1364 1096 1418 ferro
1134 1365 1379 1420 combusti
1414 1365 1540 1418 sunt.

642 1455 931 1508 Laurentius
987 1454 1046 1506 de
1094 1453 1203 1506 villa
1251 1455 1421 1520 Katay,
1469 1452 1680 1521 litigauit
1728 1470 1842 1506 cum
1896 1452 2085 1506 Danie-

537 1543 596 1605 le,
631 1544 670 1596 P
679 1555 801 1604 etrO,
850 1544 901 1596 δε
946 1542 1178 1596 Lauretio
1229 1543 1290 1595 de
1337 1540 1446 1594 villa
1494 1541 1807 1610 Dingonogu
1855 1559 1946 1609 pro
1995 1542 2085 1593 tri—

537 1632 673 1701 ginta
745 1631 934 1692 marciS,
1012 1630 1174 1682 Iudice
1258 1628 1469 1682 Nicolao
1553 1628 1785 1690 Palatino,
1857 1627 2083 1698 pristaldo

538 1720 693 1772 Pousa
748 1718 809 1771 de
858 1718 969 1772 villa
1029 1718 1213 1785 Libicy,
1268 1718 1442 1772 Homo
1496 1716 1700 1786 predicti
1754 1716 1969 1783 Laure‘cij
2018 1715 2080 1769 de

537 1809 673 1869 Kata,
708 1819 904 1876 portato
942 1805 1073 1858 ferro
1111 1806 1391 1860 iustificatus
1428 1807 1505 1860 est.

645 1896 945 1947 Sumuracus
1004 1893 1314 1947 Posonienfis
1363 1911 1538 1946 comes
1587 1910 1756 1945 coram
1803 1892 1962 1944 iudice
2016 1891 2078 1944 de

535 1982 700 2052 legato
738 2002 766 2035 a
801 1984 938 2051 Rege
993 1981 1036 2034 .s.
1091 1983 1236 2050 Aguz
1292 1981 1476 2034 comite
1529 1980 1734 2049 litigauit
1790 1988 1850 2034 εὖ
1904 1980 2079 2032 decem

536 2073 585 2124 ἃ
610 2074 751 2124 -oc'to
801 2070 1107 2131 hominibus,
1169 2069 1231 2121 de
1290 2068 1401 2121 villa
1461 2069 1599 2130 Shut,
1658 2086 1749 2136 pro
1799 2067 2078 2138 quindecim

534 2159 730 2219 marciS,
775 2160 926 2222 Quos
980 2159 1125 2225 Aguz
1187 2174 1360 2210 comes
1412 2155 1593 2210 iudicas
1653 2173 1740 2224 per
1798 2154 2078 2223 pristaldum

533 2245 753 2299 Tolnam
802 2246 863 2297 de
913 2245 1023 2297 villa
1070 2245 1170 2298 Sen
1231 2243 1440 2299 Niclous
1499 2244 1631 2296 mifit
1679 2242 1980 2296 Varadinum
2016 2242 2078 2295 ad

534 2333 748 2386 candens
809 2333 1009 2397 serrum,
1069 2333 1152 2384 vhi
1200 2335 1362 2386 homo
1410 2330 1627 2400 praedicti
1675 2330 1925 2383 Sumaraci
1985 2348 2078 2385 co-

532 2421 662 2473 mitis
699 2422 903 2474 nomine
940 2420 1141 2481 ZakenS‚
1178 2432 1374 2489 portato
1413 2418 1542 2471 ferro
1579 2417 1823 2472 iustificat9
1860 2421 1939 2473 est.

640 2509 880 2562 Borokun
939 2507 1069 2560 filius
1131 2506 1291 2575 Gynle
1346 2506 1561 2575 impecijt
1627 2504 1866 2573 quosdam
1919 2505 2075 2559 dufini

536 2615 621 2651 cos
660 2598 719 2649 de
756 2595 864 2648 villa
905 2595 1078 2656 Iouan,
1128 2594 1187 2646 ad
1230 2594 1494 2647 Ecclefiam
1546 2594 1698 2647 sancti
1735 2594 1868 2646 Petri
1903 2595 1953 2646 in
1991 2612 2077 2646 ea-

1816 2682 1931 2733 dem
1966 2680 2076 2733 villa
