2170 3210
448 143 518 189 298

447 287 610 343 seipsos
650 286 1043 343 recognoscentes,1
1085 284 1298 329 candentis
1342 284 1443 328 ferri
1487 284 1830 341 subterfugerunt
1865 282 2079 338 iudicium,

448 358 650 411 dicentes,
690 356 928 414 praedictos
969 355 1233 400 adversarios
1272 356 1462 413 ipsorum
1507 371 1599 400 esse
1630 354 1742 399 filios
1773 354 2078 413 ioubagionum

449 428 591 472 Sancti
622 428 751 485 Regis
784 439 827 471 et
859 439 1108 481 asserenteS,
1140 442 1184 470 se
1207 427 1312 470 falso
1334 426 1385 471 de
1406 427 1517 470 civili
1539 427 1714 471 servitio
1737 426 1830 470 illos
1850 427 2078 484 impetisse.

1086 629 1272 674 Annus
1303 629 1441 673 1234.

940 725 1193 782 (372—382
1227 746 1283 759 =
1322 724 1581 780 125—135·)

1067 830 1144 874 Nr.
1180 843 1276 887 372.
1310 829 1454 889 (125.)

590 916 700 960 Cum
719 916 830 971 Eccy
847 930 1007 968 comes,
1028 915 1137 959 filius
1160 915 1283 970 Eccy,
1305 915 1480 957 emisset
1502 926 1658 958 terram
1674 914 1848 958 nomine
1866 913 2077 958 Carnana'

447 1003 470 1030 a
526 988 656 1040 Leva,
691 986 780 1030 filio
822 985 980 1043 Cusyd,
1025 986 1170 1043 elapso
1217 985 1428 1043 aliquanto
1474 996 1682 1042 tempore,
1726 985 1924 1039 Michael,
1967 984 2077 1029 filius

446 1058 683 1111 Michaelis,
714 1057 843 1101 frater
876 1056 1079 1110 Edemen,
1110 1056 1330 1115 requisivit
1350 1055 1528 1099 eandem
1561 1067 1720 1099 terram
1751 1070 1829 1113 pro
1851 1071 1925 1099 sua
1956 1068 2080 1110 terra,

451 1143 494 1174 et
518 1145 615 1173 cum
635 1144 724 1172 non
743 1139 889 1185 posset
907 1127 958 1171 ad
974 1126 1239 1184 probandum
1258 1126 1343 1170 hoc
1363 1126 1531 1184 aliquod
1554 1138 1850 1183 argumentum
1867 1126 2079 1181 inducere,

426 1197 683 1254 ''Ladislaus,
715 1214 860 1244 comes
906 1199 1147 1243 Bachiensis
1180 1210 1223 1242 et
1253 1197 1379 1241 iudex
1412 1199 1565 1251 curiae,
1610 1198 1754 1254 posuit
1796 1213 1922 1255 super
1963 1198 2080 1242 iura-

453 1283 648 1317 mentum
680 1272 791 1328 Eccy
823 1271 1017 1325 comitis;
1049 1270 1125 1313 sed
1157 1269 1336 1313 consilio
1369 1269 1603 1312 amicorum
1635 1269 1853 1327 utriusque
1885 1270 2014 1326 partis
2036 1281 2089 1315 ets·

447 1344 619 1388 licentia
669 1342 816 1386 iudicis
868 1342 1007 1386 taliter
1059 1353 1376 1385 conuenerunt:
1432 1340 1549 1398 quod
1599 1341 1713 1397 Eccy
1765 1355 1911 1385 comes
1963 1340 2080 1385 daret

453 1414 653 1459 Michaeli
674 1414 823 1471 viginti
845 1429 1016 1467 marcas,
1037 1428 1119 1456 una
1141 1413 1292 1463 minus,
1312 1423 1355 1455 et
1372 1411 1556 1455 Michael
1573 1411 1806 1455 dimitteret
1823 1411 2079 1469 praedictam

452 1498 611 1530 terram
655 1485 767 1541 Eccy
811 1485 959 1528 comiti
1004 1499 1081 1541 pro
1125 1484 1215 1527 iure
1260 1483 1501 1539 emptionis,
1531 1483 1588 1525 ita
1633 1481 1760 1541 quod,
1791 1482 1826 1525 si
1858 1481 2024 1541 quando
2056 1498 2080 1526 a

453 1571 706 1615 quocunque
740 1555 890 1600 eadem
922 1567 1032 1599 terra
1064 1555 1175 1611 Eccy
1196 1554 1352 1598 comite
1373 1554 1442 1597 vel
1462 1554 1644 1610 posteris
1668 1554 1758 1597 eius
1781 1554 2079 1612 requireretur,

450 1628 634 1672 Michael
672 1627 741 1670 vel
774 1627 862 1670 eius
906 1626 1111 1670 haeredes
1154 1626 1267 1682 Eccy
1306 1626 1507 1669 comitem
1553 1624 1778 1668 iustificare
1822 1635 2078 1669 tenerentur.

451 1699 503 1743 Et
555 1710 601 1742 ut
646 1699 781 1742 exitus
827 1698 951 1742 huius
997 1713 1145 1741 causae
1190 1696 1421 1741 indelebilis
1467 1696 1631 1749 existat,
1673 1696 1916 1739 nominatus
1968 1695 2080 1752 Eccy

453 1786 613 1823 comeS,
645 1785 740 1813 cum
773 1768 977 1826 pristaldo
1010 1769 1133 1813 huius
1178 1784 1341 1821 causae,
1385 1768 1559 1811 nomine
1603 1766 1774 1824 Mycud,
1806 1766 1895 1812 filio
1927 1763 2079 1820 Athae‚

449 1840 709 1884 Varadinum
742 1842 931 1894 veniens,
963 1840 1168 1897 persoluit
1200 1839 1421 1883 nominato
1469 1838 1666 1882 Michaeli
1709 1838 1859 1896 viginti
1902 1852 2076 1891 marcas,

448 1928 528 1956 una
561 1913 712 1965 minus,
745 1912 929 1969 capitulo
962 1923 1005 1955 et
1036 1911 1238 1968 pristaldo
1270 1922 1507 1967 praesente.

1068 2055 1142 2100 Nr.
1179 2068 1276 2112 373.
1310 2052 1456 2112 (126.)

590 2138 739 2195 Chygz
772 2148 814 2181 et
844 2137 985 2193 Jacob,
1017 2138 1094 2181 filii
1125 2138 1270 2190 Buns,3
1303 2148 1451 2180 euntes
1485 2151 1581 2179 cum
1614 2135 1775 2188 Vnuca,
1803 2133 1893 2178 filio
1915 2133 2079 2177 Forkos

452 2208 503 2253 de
537 2209 705 2262 Bekes,4
736 2207 942 2265 'pristaldo
976 2209 1134 2252 scilicet
1166 2219 1211 2252 et,
1242 2222 1367 2251 seruo
1399 2205 1593 2259 Ladislai,
1637 2204 1804 2249 comitis
1849 2203 1902 2248 de
1943 2204 2080 2247 Baach

450 2292 494 2323 et
531 2279 678 2324 iudicis
711 2279 863 2332 curiae,
896 2291 1099 2337 ceperunt
1118 2280 1134 2304 5
1166 2294 1337 2322 seruum
1376 2293 1512 2330 suum,
1555 2277 1727 2320 nomine
1773 2276 1926 2329 Cucus,
1970 2274 2081 2332 apud

592 2409 603 2430 ¹
630 2410 673 2445 In
699 2411 860 2446 editione
886 2411 1075 2457 principe:
1102 2417 1419 2455 regognoscentes.

592 2469 605 2489 ²
629 2471 827 2516 Kamonya
852 2481 948 2504 nunc
977 2470 1161 2514 praedium
1188 2480 1299 2515 prope
1325 2468 1438 2503 Butka
1464 2469 1502 2502 in
1529 2478 1623 2502 com.
1650 2466 1838 2510 Zemplen.

592 2528 605 2548 ³
631 2529 746 2576 Supra
771 2529 853 2572 Bus,
879 2529 974 2564 Buus
1001 2541 1054 2563 nr.
1081 2538 1161 2572 210,
1191 2528 1256 2573 358
1283 2528 1426 2573 iobagio
1452 2528 1555 2562 castri
1582 2526 1805 2561 Bekesiensis
1832 2524 1995 2559 occurrit.

592 2587 606 2607 ⁴
631 2588 756 2623 Bekes.
782 2588 895 2622 Anno
927 2596 1013 2622 1222
1042 2587 1109 2622 fuit
1134 2586 1319 2621 Ladislaus
1347 2587 1455 2621 etiam
1482 2596 1606 2621 comes
1632 2585 1674 2619 de
1702 2583 1828 2618 Bekes.

591 2648 605 2666 ὃ
629 2647 672 2682 In
698 2647 859 2682 editione
886 2647 1067 2693 principe:
1095 2653 1305 2692 coeperunt.
