2170 3210
435 173 507 211 270

441 318 538 349 runt
581 304 633 349 ad
676 319 853 347 examen
896 304 998 349 ferri
1037 304 1252 349 candentis
1284 304 1575 358 Waradinum,
1614 305 1683 348 ubi
1720 307 2062 362 praenominatus

441 377 558 432 Juan,
587 385 759 432 portato
793 374 907 419 ferro
938 390 1017 433 pro
1049 390 1094 419 se
1127 387 1169 419 et
1202 376 1444 420 concivibus
1477 377 1576 430 suis,
1608 376 1858 420 combustusv
1885 389 1960 422 est.

1057 506 1132 551 Nr.
1171 520 1266 563 311.
1302 505 1449 565 (362.)

582 590 829 635 Conventus
861 590 1060 634 ecclesiae
1092 590 1378 635 Waradiensis
1411 590 1622 646 omnibus,
1649 602 1892 647 praesentes
1923 590 2064 635 literas

437 661 703 717 inspecturis,
722 673 939 706 aeternam
960 661 1139 706 salutem
1160 662 1202 705 in
1219 662 1423 705 Domino.
1440 661 1718 705 Universitati
1734 672 1897 705 vestrae
1914 673 2066 705 notum

440 731 628 786 facimus,
644 732 772 791 quod,
789 749 885 777 cum
908 733 1042 777 Becea
1066 733 1116 777 de
1137 733 1363 777 Foktheuu
1380 733 1633 789 impetiisset
1654 732 1864 791 quendam
1890 733 2064 777 nomine

441 803 612 860 Heymu
645 804 696 848 de
729 804 913 862 dampno
953 804 1226 863 quadraginta
1258 815 1301 848 et
1333 804 1510 848 duarum
1542 819 1791 858 marcarum,
1833 804 1947 848 facto
1987 819 2062 862 per

440 875 702 929 violentiam,
740 876 897 928 Bocha,
940 876 1119 919 vicarius
1162 875 1280 919 Pauli
1321 875 1564 932 woyvodae
1608 875 1835 919 discutiens
1873 890 1962 930 eOS‚
1993 890 2068 933 per

440 946 699 1003 pristaldum,
732 947 907 991 nomine
938 947 1073 1000 Ceku,
1105 947 1220 990 misit
1251 947 1303 991 ad
1335 962 1513 990 examen
1547 946 1649 990 ferri
1670 946 1886 990 candentis
1908 946 2065 990 Wara-

442 1017 608 1061 dinum:
656 1033 740 1076 quo
785 1033 883 1061 cum
926 1018 1113 1062 venisset
1156 1018 1399 1062 nominatus
1444 1018 1576 1061 Becea
1610 1033 1706 1062 cum
1738 1017 1940 1075 pristaldo
1971 1032 2066 1070 suo,

442 1088 611 1147 quidam
653 1104 843 1132 asserens
891 1104 936 1132 se
980 1104 1072 1133 esse
1116 1089 1390 1146 Heymonem
1433 1089 1566 1142 illum,
1610 1088 1662 1136 de
1701 1104 1785 1147 quo
1815 1104 1884 1132 res
1915 1089 2066 1146 agitur,

441 1159 539 1203 ferri
573 1159 791 1203 candentis
824 1159 1078 1218 subterfugit
1109 1160 1310 1204 iudicium
1342 1160 1498 1213 dicens,
1521 1159 1635 1218 quod
1656 1160 1799 1203 Bocha
1830 1174 1918 1203 non
1952 1170 2065 1202 esset

440 1230 565 1274 iudex
598 1246 710 1276 suus.
746 1231 887 1274 Bocha
918 1232 1059 1290 itaque
1090 1230 1353 1275 remandavit
1384 1231 1505 1274 nobis
1534 1246 1609 1288 per
1629 1231 1790 1289 litteras
1812 1246 1919 1283 suas,
1952 1229 2067 1289 quod

442 1302 533 1359 ipse
579 1312 621 1346 et
663 1301 789 1346 iudex
832 1302 955 1346 huius
1001 1317 1150 1346 causae
1192 1314 1303 1346 esset
1348 1314 1390 1346 et
1433 1302 1804 1359 praenominatum
1852 1302 2070 1358 Heymon,

443 1373 549 1417 sicut
580 1373 717 1426 decet,
747 1389 868 1418 reum
900 1373 1236 1418 condemnasset.
1270 1374 1406 1417 Huius
1438 1374 1500 1417 rei
1532 1384 1663 1417 testes
1695 1383 1869 1418 sumus·

1055 1504 1130 1548 Nr.
1169 1517 1266 1561 312.
1303 1503 1449 1562 (363.)

588 1587 867 1644 Ioubagiones
901 1587 1025 1631 castri
1062 1587 1301 1644 Sumptey1
1343 1587 1501 1631 scilicet
1546 1585 1762 1638 Nicolaus,
1807 1584 2070 1637 Valentinus,

447 1658 585 1714 Chug,
616 1658 788 1710 Forcos,
820 1657 965 1702 Ozorc
1005 1670 1047 1702 et
1092 1658 1272 1702 Chunad
1315 1674 1412 1702 cum
1456 1657 1612 1702 comite
1658 1671 1808 1701 eorum
1850 1655 2068 1699 Zobozlou

444 1718 718 1786 impetierunt
764 1730 1043 1787 ioubagiones
1094 1732 1339 1775 tauornicos
1388 1730 1574 1786 reginae,
1621 1729 1691 1788 qui
1741 1739 1838 1772 sunt
1887 1728 1930 1771 in
1972 1727 2068 1770 villa

446 1800 714 1857 Momunya2
759 1800 917 1844 scilicet
966 1801 1069 1854 Vot‚
1114 1801 1271 1854 Euzud,
1315 1801 1524 1853 Weremt,
1575 1799 1766 1853 Chunoz,
1807 1798 1894 1852 Ilia,
1936 1798 2070 1851 Teka,

447 1870 618 1924 Comsa,
661 1872 785 1927 Hata,
823 1872 1011 1925 Petrum,
1043 1872 1203 1926 Micou,
1234 1872 1452 1916 Urbanum
1499 1883 1540 1914 et
1584 1870 1838 1924 Tholomer,
1881 1869 2068 1913 dicentes

446 1941 560 1998 ipsos
592 1942 706 1985 cives
750 1944 876 1987 castri
917 1943 1104 2000 Sumtey.
1150 1943 1214 1986 Illi
1257 1954 1399 1987 autem
1443 1954 1486 1986 et
1528 1953 1746 1999 praeterea
1794 1940 2070 1998 ioubagiones

450 2014 782 2067 tauornicorum‚
805 2007 961 2058 scilicet
991 2014 1138 2071 jardus
1160 2025 1202 2057 et
1233 2014 1357 2066 Caza,
1390 2013 1596 2065 dixerunt,
1628 2012 1802 2057 eosdem
1845 2026 1937 2056 esse
1969 2012 2069 2055 iou-

448 2084 648 2142 bagiones
681 2086 923 2128 tauornicos
955 2086 1139 2143 reginae,
1171 2100 1279 2143 quos
1313 2084 1465 2142 Gyula,
1497 2084 1661 2128 curialis
1700 2098 1845 2126 comes
1888 2082 2070 2140 reginae,

451 2155 693 2206 discutiens,
727 2170 814 2212 per
857 2156 1103 2212 pristaldum
1148 2155 1374 2199 Servusdei
1418 2155 1469 2199 de
1507 2155 1602 2198 villa
1634 2154 1779 2198 Tesa3
1810 2153 1862 2197 ad
1893 2168 2070 2197 examen

449 2226 550 2270 ferri
582 2226 798 2274 candentis
832 2226 982 2270 direxit
1014 2226 1304 2282 Waradinum,
1338 2226 1409 2269 ubi
1440 2225 1750 2283 praenominati
1790 2224 2070 2282 ioubagiones

449 2298 609 2355 seipsos
646 2309 1017 2354 recognoscentes,
1060 2297 1259 2341 iudicium
1304 2297 1402 2340 ferri
1458 2296 1673 2340 candentis
1717 2294 2071 2352 subterfugerunt,

450 2368 661 2412 dicentes:
705 2383 748 2411 se
779 2368 1124 2425 praenominatos
1155 2368 1430 2426 ioubagiones
1462 2367 1703 2411 tauornicos
1737 2366 1840 2410 falso
1874 2365 1925 2410 de
1959 2366 2070 2409 civili

449 2439 692 2483 conditione
724 2440 967 2496 impetiisse.

596 2569 607 2589 ¹
634 2570 779 2616 Sempte
805 2569 976 2616 oppidum
1002 2571 1043 2604 in
1069 2580 1163 2604 com.
1190 2569 1327 2616 Nyitra.

590 2628 604 2648 ²
631 2629 804 2675 Malonya
822 2640 931 2675 pagus
949 2630 987 2663 in
1005 2640 1100 2663 com.
1119 2628 1204 2663 Bars
1223 2629 1265 2663 ab
1284 2628 1481 2663 Ar.-Marot
1495 2628 1672 2663 orientem
1687 2635 1721 2662 et
1734 2627 1920 2662 meridiem
1937 2638 2070 2662 versus.

591 2688 604 2708 ³
630 2688 724 2722 Tesa
750 2699 862 2734 pagus
888 2688 926 2722 in
952 2699 1047 2723 com.
1074 2688 1175 2722 Hont
1200 2689 1296 2722 iuxta
1321 2687 1472 2722 fluvium
1496 2687 1612 2734 Ipoly.
