2170 3210
1699 151 1762 189 161

109 311 291 351 eorum3
322 295 526 356 pristaldo
558 297 675 342 Dica.
699 295 864 340 Taliter
883 306 1203 340 convenerunt:
1230 294 1348 354 quod
1368 294 1511 348 iudici,
1541 295 1766 354 pristaldo‚

110 379 161 414 et
190 368 291 414 loco
323 369 450 415 simul
479 368 786 422 satisfacerent,
818 379 862 414 et
901 367 1082 412 domino
1118 367 1266 412 ovium
1297 366 1467 412 illarum
1487 368 1616 412 etiam
1637 368 1766 413 simui

118 440 429 487 satisfacerent.

762 536 838 582 Nr.
877 537 939 581 18.
971 534 1119 596 (388.)

261 610 403 668 Agya¹
435 609 608 668 iobagio
641 608 802 662 Cesari‚
834 607 910 652 filii
940 608 1059 666 Legi,
1089 607 1271 665 impetiit
1302 607 1540 652 Dominum
1568 607 1768 665 Engues²

113 681 172 727 de
205 680 407 726 Kalatha3
438 695 518 739 pro
550 680 679 726 furto.
713 680 839 735 Quos
882 678 1117 733 Nuethlen‚
1149 678 1315 724 curialis
1347 694 1496 723 comes
1528 678 1580 723 de
1613 678 1771 723 Bichor

116 752 350 798 discutiens
382 753 435 798 ad
465 752 668 812 praudam
712 767 789 811 per
831 751 1079 810 pristaldum
1123 751 1301 795 nomine
1344 751 1545 804 Lucum,⁴
1588 750 1641 795 de
1672 749 1772 794 villa

115 825 295 880 Lomb,⁵
326 825 443 870 misit
473 824 748 870 Varadinum.
780 824 866 869 Ubi
897 823 1070 882 Engues
1101 822 1352 868 iustificatus
1388 834 1464 869 est.

772 968 848 1012 Nr.
886 982 951 1025 19.
983 966 1129 1027 (389.)

271 1040 423 1096 Quid‚⁶
455 1039 564 1084 filius
597 1039 752 1084 Olibrii
784 1039 966 1093 comitis,
1004 1039 1123 1083 duxit
1154 1040 1197 1083 in
1230 1054 1400 1083 causam
1431 1038 1607 1083 fratrem
1648 1053 1774 1082 suum

119 1113 402 1166 Herbortum,
433 1111 602 1157 dicens:
641 1111 757 1172 quod
788 1127 877 1156 non
909 1111 1084 1156 deberet
1115 1111 1206 1169 ipse
1237 1111 1479 1156 Herbortus
1512 1126 1606 1156 esse
1638 1111 1774 1168 parti-

116 1200 223 1245 ceps
270 1183 489 1229 cuiusdam
532 1183 666 1243 predii
709 1186 884 1229 nomine
928 1184 1147 1242 Neuegy‚⁷
1179 1199 1278 1228 curn
1308 1182 1410 1227 illud
1440 1182 1661 1242 praedium
1692 1197 1774 1240 pe·-

123 1257 247 1303 cunia
277 1257 425 1302 matris
457 1271 571 1310 suae,
602 1256 762 1301 scilicet
806 1271 1020 1300 novercae
1065 1255 1282 1309 Herborti,
1314 1255 1368 1300 sit
1403 1267 1596 1314 emptum
1640 1267 1682 1299 et
1726 1254 1774 1298 ab

118 1328 276 1374 eadem
307 1329 351 1373 in
382 1340 526 1373 morte
558 1343 645 1382 sua,
677 1343 822 1372 coram
867 1339 986 1386 patre
1019 1343 1099 1372 suo
1130 1326 1302 1372 Olibrio
1335 1339 1379 1372 et
1410 1327 1608 1372 fratribus
1645 1328 1776 1386 patris

115 1401 201 1455 sui,
231 1415 402 1445 necnon
434 1400 523 1445 aliis
555 1401 750 1459 cognatis
783 1401 888 1454 eius,
919 1400 997 1444 sibi
1026 1400 1119 1454 soli,
1150 1411 1303 1457 utpote
1337 1400 1464 1444 unico
1494 1400 1641 1444 matris
1662 1415 1777 1452 suae,

122 1472 252 1518 fuerit
283 1472 492 1527 relictum,
525 1484 568 1517 et
600 1472 774 1517 adduxit
805 1473 848 1516 in
881 1473 1176 1517 testimonium
1209 1472 1293 1516 Bos
1338 1472 1557 1526 comitem,
1601 1472 1778 1516 fratrem

116 1544 325 1590 videlicet
355 1544 485 1603 patris
518 1545 584 1589 sui
616 1544 807 1604 aliosque
839 1555 1048 1602 cognatos
1070 1555 1112 1588 et
1133 1555 1261 1588 notos
1295 1554 1338 1588 et
1371 1544 1531 1588 Micam
1570 1544 1777 1588 comitem

125 1617 458 1662 Bichoriensem.
491 1617 661 1671 Quibus
694 1617 992 1661 testimonium
1025 1616 1281 1660 unanimiter
1325 1615 1402 1661 sibi
1445 1615 1778 1673 perhibentibu3‚

121 1688 287 1742 Banco,
320 1704 466 1733 comes
507 1688 735 1742 Palatinus,
775 1689 918 1747 posuit
963 1702 1089 1745 super
1134 1688 1418 1732 iuramentum
1463 1689 1547 1733 Bos
1593 1689 1780 1743 comitis,

274 1846 287 1868 ¹
312 1847 411 1883 Infra
437 1848 475 1882 in
501 1854 581 1882 test.
608 1858 662 1882 nr.
692 1846 781 1893 388:
809 1846 948 1893 Hagya.

273 1906 287 1927 ²
313 1906 414 1943 Infra
438 1907 476 1942 in
500 1910 582 1942 test.
610 1917 662 1942 nr.
692 1906 781 1952 388:
810 1906 1002 1953 Henguch.

276 1966 291 1987 ⁸
315 1966 466 2003 Nomen
491 1966 619 2002 Kalata
645 1966 705 2002 hic
732 1978 810 2002 non
837 1966 1051 2002 distinctum
1080 1977 1228 2013 pagum,
1254 1965 1318 2001 sed
1356 1967 1562 2012 regionem,
1603 1967 1782 2013 oppidum

126 2027 440 2074 Bainffy-Hunyad
482 2027 709 2062 ambientem
751 2026 915 2073 olimque
959 2026 1088 2061 comiti
1127 2025 1328 2062 Bihariensi
1367 2026 1551 2061 subditam
1589 2026 1781 2073 significat.

131 2087 232 2124 Infra
257 2088 359 2124 enim
384 2088 423 2123 in
449 2094 528 2123 test.
569 2098 621 2122 nr.
663 2086 729 2132 388
768 2087 929 2134 praecise
967 2086 1176 2132 designatur
1213 2086 1389 2122 habitatio
1428 2086 1595 2128 accusati,
1635 2094 1782 2133 eratque

128 2147 218 2184 villa
244 2148 366 2196 Heym
391 2146 619 2193 (Himfalva).

279 2207 293 2228 ⁴
318 2207 415 2243 Infra
441 2208 480 2243 in
506 2215 586 2243 test.
614 2219 668 2244 nr.
694 2217 741 2243 20
767 2207 896 2248 Lucas,
923 2208 960 2242 in
988 2214 1066 2242 test.
1095 2219 1147 2242 nr.
1178 2206 1245 2252 388
1271 2207 1382 2243 Luxa.

280 2267 294 2288 ⁵
319 2268 436 2315 Pagus
462 2269 614 2304 nomine
642 2268 760 2303 Lomb
787 2269 878 2303 olim
905 2279 1018 2314 prope
1050 2267 1230 2303 Kolosvzir
1268 2269 1413 2304 exstitit.
1454 2267 1526 2304 Sed
1565 2268 1633 2303 fuit
1671 2268 1784 2303 etiam

137 2328 229 2364 alter
254 2339 368 2375 pagus
394 2328 526 2364 eodem
553 2329 707 2364 nomine
732 2327 852 2363 Lomb
878 2329 1058 2363 vocitatus
1083 2327 1127 2363 ab
1154 2327 1291 2375 oppido
1311 2327 1522 2364 Debreczen
1550 2328 1783 2363 occidentem

131 2399 260 2424 versus
284 2389 380 2423 inter
404 2397 516 2434 pagos
542 2388 643 2423 Macs
669 2395 705 2423 et
730 2388 860 2434 Szepes
886 2388 973 2422 situs
998 2386 1053 2432 (in
1078 2388 1255 2423 comitatu
1281 2388 1373 2423 olim
1391 2388 1511 2431 Bihar,
1531 2399 1630 2423 nunc
1649 2387 1785 2434 Hajdu)

137 2447 183 2483 V.
210 2447 323 2493 Fejer.
351 2447 442 2482 Cod.
469 2447 552 2494 Dip.
579 2445 659 2493 Vl3.
691 2458 767 2491 131.

284 2505 299 2526 ⁶
324 2507 404 2542 Hoc
431 2517 570 2542 nomen
597 2508 783 2554 proprium
801 2507 911 2542 hodie
930 2507 1176 2543 verisimiliter
1198 2509 1307 2555 Kugy
1333 2507 1648 2555 pronuntiandum
1673 2509 1785 2550 venit,

131 2575 264 2614 estque
289 2566 399 2602 hodie
425 2577 539 2613 prope
569 2567 723 2602 fluvium
753 2568 924 2614 Berettyo
945 2567 1133 2613 praedium
1158 2568 1266 2615 Kugy
1285 2576 1470 2609 vocatum,
1498 2579 1591 2614 pago
1619 2567 1787 2614 Nyuved,

132 2628 185 2663 de
211 2638 282 2675 quo
308 2626 382 2661 hoc
407 2627 446 2661 in
472 2627 686 2663 testimonio
712 2638 834 2663 sermo
862 2628 938 2670 erit,
965 2627 1189 2664 adiunctum.

286 2685 299 2706 '¹
327 2685 481 2733 Nysxved
508 2698 620 2734 pagus
646 2688 743 2723 iuxta
770 2686 922 2723 fluvium
948 2688 1116 2734 Berettyo
1144 2689 1182 2723 in
1210 2699 1305 2724 com.
1331 2688 1450 2724 Bihar.
1477 2689 1591 2735 Supra
1618 2700 1671 2723 nr.
1703 2698 1731 2733 3.

1604 2770 1641 2794 11
