2170 3210
441 191 508 216 222

443 322 626 369 Nicolao
659 322 850 366 Palatino
890 322 1061 374 comite,
1105 336 1212 380 quos
1257 321 1483 365 discutiens
1527 336 1602 379 per
1643 321 1890 379 pristaldum
1933 337 2071 376 suum,

442 394 616 438 nomine
649 393 848 445 Ymarad,
880 393 932 437 de
964 393 1058 437 villa
1099 392 1290 451 Seureg‚1
1335 393 1448 436 misit
1491 392 1751 437 Varadinum
1794 392 1848 437 ad
1890 408 2070 438 examen

439 464 643 509 iudicialis
676 464 788 508 ferri.
821 464 910 517 Qui
940 465 983 508 in
1014 465 1112 508 loco
1157 464 1296 508 taliter
1340 475 1644 517 convenerunt,
1687 475 1735 508 ut
1777 478 1928 508 eorum
1969 475 2070 518 tres,

440 537 620 580 scilicet:
653 536 744 589 Pet,
775 535 932 592 Terpe,
962 536 1159 592 Joannes,
1197 535 1343 579 darent
1383 535 1579 588 Gabrieli,
1623 534 1773 579 decem
1817 547 1860 579 et
1903 546 2069 593 septem

438 622 603 650 marcas
634 608 677 651 in
715 607 781 651 die
827 607 865 652 S.
910 607 1082 662 Joannis
1128 607 1364 664 Baptistae2
1406 607 1450 650 in
1492 606 1588 650 loco
1633 605 1893 652 Varadiensi.
1937 607 2071 661 Quod

439 679 473 721 si
505 694 592 722 non
623 678 916 735 persolverent
947 679 990 722 in
1021 677 1177 722 eodem
1209 677 1290 732 die,
1324 677 1451 735 duplo
1482 677 1727 735 persolvere
1759 689 2006 722 tenerentur
2027 690 2072 723 et

438 749 565 793 iidem
599 749 840 794 satisfacere
871 749 1008 795 iudici.
1041 749 1210 793 Gabriel
1241 763 1346 793 vero
1384 748 1587 806 pristaldo
1631 748 1903 794 satisfaceret.
1948 749 2070 807 Sycia

439 832 578 864 tamen
614 836 711 865 cum
742 820 830 865 filio
863 837 940 864 suo
972 820 1104 864 Paulo
1136 821 1179 863 in
1211 820 1308 864 loco
1341 819 1584 863 Porozlou³
1620 821 1861 864 iuramento
1906 836 1985 865 suo
2023 837 2071 866 se

439 904 651 950 purgaret.
684 892 869 936 Terram
902 903 1055 943 autem,
1088 907 1214 949 quam
1245 891 1422 949 praefati
1452 891 1594 934 villani
1625 907 1648 934 a
1680 890 1847 949 Bugard
1876 892 1919 936 in
1942 907 2067 937 com-

437 978 566 1007 mune
595 975 783 1021 emptam
814 962 1034 1015 habebant,
1067 963 1183 1006 cuius
1217 963 1440 1006 occasione
1473 961 1749 1006 homicidium
1780 975 2069 1020 perpetratum

436 1046 517 1087 est,
549 1050 601 1078 ex
634 1050 771 1093 aequo
806 1033 1053 1087 dividerent,
1085 1034 1155 1087 ita,
1188 1033 1304 1092 quod
1336 1033 1499 1092 aequali
1528 1034 1755 1091 partitione
1787 1045 1964 1093 uterque
1993 1035 2070 1080 sibi

437 1119 601 1162 partem
633 1106 878 1163 contiguam
910 1106 1128 1163 acciperet.
1161 1105 1392 1162 Participes
1431 1116 1574 1148 autem
1605 1104 1795 1148 eiusdem
1837 1105 2072 1160 homicidii,

438 1178 510 1235 qui
542 1188 776 1221 castrenses
804 1189 912 1227 sunt,
943 1176 1145 1234 praedicti
1178 1178 1385 1234 quatuor4
1405 1175 1602 1219 homines
1624 1175 1835 1232 expellere
1858 1175 1910 1220 de
1933 1176 2070 1221 coha-

438 1248 640 1292 bitatione
674 1265 748 1292 sua
779 1259 1036 1293 tenerentur.

1079 1355 1155 1401 Nr.
1193 1368 1286 1412 190.
1317 1353 1432 1414 (75.)

580 1438 841 1491 Ambrosius,
874 1438 1036 1482 curialis
1070 1453 1216 1482 comes
1249 1436 1450 1480 ecclesiae
1472 1437 1702 1488 Vaciensis‚
1725 1437 1907 1495 impetiit
1928 1437 2068 1481 Suna-

437 1509 539 1553 dum
572 1509 624 1553 de
656 1510 752 1553 villa
784 1509 953 1553 Sunad5
984 1524 1061 1566 pro
1095 1508 1323 1553 duodecim
1355 1508 1487 1552 bobus
1520 1519 1562 1551 et
1601 1508 1875 1566 quadraginta
1918 1508 2068 1552 ovibus

437 1581 648 1625 violenter
681 1581 826 1624 ablatis
859 1597 881 1624 a
912 1580 1143 1624 Benedicto
1163 1595 1290 1624 servo
1314 1579 1502 1623 eiusdem
1525 1579 1738 1633 ecclesiae,
1758 1579 1894 1623 iudice
1918 1579 2070 1637 Gyula,

446 1652 588 1695 curiali
620 1653 791 1705 comite,
823 1651 1025 1709 pristaldo
1058 1651 1252 1695 Penthek
1284 1651 1335 1694 de
1369 1649 1464 1694 villa
1495 1650 1672 1695 Ratolt.⁶
1718 1651 1806 1704 Qui
1848 1651 2069 1694 venientes

438 1723 701 1767 Varadinum
733 1723 785 1767 ad
822 1722 1021 1767 iudicium
1066 1723 1166 1766 ferri
1211 1722 1349 1766 taliter
1394 1733 1698 1775 convenerunt,
1739 1733 1787 1765 ut
1829 1721 2066 1779 praedictus

440 1794 581 1838 Sunad
612 1794 730 1839 daret
762 1809 888 1838 unam
920 1809 1108 1837 marcam
1138 1793 1370 1837 Ambrosio
1404 1804 1447 1837 et
1477 1791 1591 1837 idem
1630 1793 1754 1837 iudici
1796 1793 2066 1849 satisfaceret,

435 1865 639 1924 pristaldo
671 1881 776 1911 vero
808 1865 1058 1909 Ambrosius
1091 1864 1331 1908 satisfacere
1365 1866 1575 1908 convenit.

1075 1995 1150 2039 Nr.
1190 2008 1204 2037 1
1246 2009 1282 2040 1.
1370 1995 1406 2038 6.

576 2062 700 2109 Pisco
734 2066 785 2110 de
830 2066 927 2110 villa
973 2066 1158 2110 Scecen⁷
1200 1993 1379 2122 iinpeiiit
1409 1995 1682 2108 )convillanos
1726 2081 1840 2118 suos,
1883 2064 2063 2109 scilicet:

438 2137 667 2190 Lodomer‚
699 2138 871 2191 Boroct‚
902 2137 1038 2192 Odus,
1068 2138 1288 2193 Joannem,
1320 2136 1487 2189 Furces,
1517 2135 1665 2188 Albev‚
1698 2136 1815 2179 Uruz
1835 2151 1914 2193 pro
1937 2137 2064 2195 quin-

582 2267 593 2288 ¹
620 2269 728 2303 Nunc
752 2268 939 2315 praedium
965 2269 1079 2314 Soreg
1103 2278 1213 2314 prope
1251 2266 1496 2314 Taipio-Szele.
1535 2265 1629 2300 Infra
1670 2266 1744 2312 380.
1784 2266 1891 2302 Conf.
1928 2267 2065 2302 Knauz.

437 2329 539 2363 Mon.
567 2329 673 2373 Strig.
699 2328 724 2362 Ι.
751 2327 832 2364 306.

580 2387 593 2406 ²
619 2387 714 2422 Idest
741 2387 798 2422 die
823 2390 870 2430 24
896 2398 944 2421 m.
970 2386 1078 2431 Junii.

582 2446 595 2466 ³
622 2447 692 2481 Ubi
717 2447 982 2481 monasterium
1008 2447 1133 2480 extitit.
1160 2445 1203 2479 V.
1230 2444 1321 2479 infra
1348 2457 1399 2480 nr.
1426 2454 1505 2478 222.

582 2505 596 2524 4
621 2506 664 2540 In
690 2506 745 2541 ed.
771 2506 953 2551 principe:
980 2512 1155 2551 quattuor.

583 2565 596 2584 ⁵
620 2565 719 2599 Infra
744 2577 797 2600 nr.
827 2574 903 2610 192.

585 2623 598 2643 ⁶
622 2625 739 2670 Pagus
765 2624 875 2658 Ratot
899 2625 936 2658 in
963 2624 1227 2670 propinquitate
1253 2623 1365 2657 Vacii.
1393 2622 1489 2657 infra
1515 2633 1567 2656 nr.
1599 2632 1673 2668 192.

583 2683 596 2706 ⁷
620 2684 727 2718 Nunc
752 2683 1110 2730 Nogrzid-Szecseny.
