2170 3210
1756 146 1797 182 73

173 270 295 328 (265)
317 281 466 317 comes
490 273 655 317 curialis
679 273 933 318 Bihariensis
964 273 1118 318 Paulus
1149 275 1192 318 in
1224 286 1318 319 test.
1350 291 1410 319 nr.
1443 289 1500 333 40
1531 275 1657 336 (272)
1688 275 1798 320 bilo-

172 341 278 386 chus
301 342 557 389 Bihariensis
579 344 702 389 Teke
734 346 1017 390 nominantur.

312 413 383 459 Ad
425 415 731 473 designandum
775 428 942 474 tempus
985 416 1172 461 fasciculi
1218 418 1350 475 quinti
1394 429 1488 463 test.
1532 434 1592 464 nr.
1625 422 1798 477 41—46

173 485 314 545 (prius
349 486 603 547 164-169)
632 501 734 545 prae
773 488 908 532 oculis
946 487 1102 531 habere
1145 499 1328 546 oportet,
1369 489 1502 533 altero
1546 489 1721 535 dImidio
1765 506 1799 536 a.

177 569 284 614 1213
320 558 526 602 comitem
558 558 758 603 curialem
789 558 1091 613 Bihariensem,
1122 570 1251 616 prout
1284 574 1335 603 ex
1357 561 1599 617 praemissis
1621 574 1799 615 constat,

171 627 349 672 Paulum
380 639 424 672 et
455 628 659 673 comitem
689 640 943 674 venatorum
974 629 1162 687 regalem
1196 630 1271 688 (ex
1304 641 1400 674 test.
1443 647 1503 675 nr.
1550 646 1570 689 3
1579 647 1598 689 3
1618 646 1714 676 -—-2
1724 647 1743 689 5
1752 632 1798 692 5)

173 698 352 743 alterum
382 699 561 744 Paulum
593 698 733 746 fuisse.
765 702 853 744 Iam
884 715 990 759 ergo
1021 702 1067 746 in
1100 711 1194 745 test.
1226 701 1493 758 ingrediente
1517 703 1640 748 huius
1671 703 1799 748 fasci-

173 769 254 814 culi
269 785 331 815 nr.
351 784 405 828 41
431 769 559 830 (164)
581 772 817 828 reperimus
831 771 1009 816 Paulum
1039 772 1101 816 uti
1120 773 1325 816 comitem
1349 774 1550 818 curialem
1572 775 1798 820 Biharien-

173 856 277 895 sem,
319 841 360 885 in
408 852 502 886 test.
545 857 608 887 nr.
656 857 714 900 44
746 842 869 899 (167)
900 857 1004 887 vero
1037 843 1220 887 alterum
1264 843 1442 887 Paulum
1485 844 1597 888 idem
1642 861 1796 890 munus

173 912 338 956 comitis
357 923 611 957 venatorum
633 913 769 958 adhuc
802 927 1033 971 gerentem.
1064 914 1256 968 Accedit,
1286 915 1419 959 Paulo
1452 916 1619 961 curialis
1653 918 1800 962 comiti

172 984 216 1028 in
245 983 471 1029 iudicando
503 982 746 1029 adiunctum
777 984 905 1028 fuisse
937 985 1022 1029 hoc
1053 986 1092 1029 in
1127 1001 1225 1030 casu
1259 985 1342 1045 (nr.
1375 991 1448 1044 41)
1479 1002 1641 1033 novum
1685 988 1797 1033 bilo-

175 1054 304 1100 chum
349 1054 639 1099 Bihariensem
691 1055 848 1099 Farkas
891 1055 1076 1099 nomine.
1122 1055 1234 1101 Cum
1277 1068 1420 1100 autem
1463 1057 1644 1102 vidimus
1686 1059 1800 1116 prius

173 1126 361 1185 longiori
391 1137 586 1183 tempore
617 1126 740 1170 Teke
773 1127 1040 1171 nominatum
1072 1127 1155 1172 hoc
1186 1143 1362 1172 munere
1403 1127 1589 1173 funxisse
1621 1129 1663 1173 in
1695 1130 1797 1174 sub-

174 1197 444 1257 sequentibus
501 1213 604 1242 vero
664 1197 776 1242 haud
827 1197 1129 1255 vilipendendis
1187 1200 1447 1256 argumentis
1505 1199 1711 1246 docemur
1763 1217 1798 1245 a.

180 1282 292 1327 1214
321 1269 462 1323 alium,
493 1268 621 1314 Cibot
652 1268 859 1329 (Cybout‚
891 1268 1088 1327 Cyboud)
1120 1270 1296 1314 nomine
1328 1270 1440 1314 idem
1475 1286 1627 1315 munus
1666 1273 1799 1317 susti-

174 1355 288 1393 nere,
318 1340 497 1400 spatium
541 1340 759 1398 temporis,
792 1356 876 1399 quo
921 1341 1077 1384 Farkas
1109 1341 1323 1385 bilochum
1367 1341 1655 1386 Bihariensem
1701 1345 1800 1402 egit,

173 1411 254 1456 rite
286 1410 492 1456 functioni
524 1410 648 1456 Teke
680 1423 724 1456 et
756 1411 885 1456 Cibot
916 1413 1155 1470 interjicere
1188 1412 1402 1457 debemus.

315 1482 749 1527 Animadvertendum
793 1483 914 1527 nobis
960 1484 1095 1527 adhuc
1142 1495 1205 1527 est
1255 1500 1309 1527 ex
1354 1484 1624 1529 relationibus
1674 1485 1797 1530 huius

174 1554 371 1608 fasciculi,
384 1553 565 1597 eundem
583 1554 810 1608 Nevetlen,
824 1555 894 1614 qui
913 1555 1033 1598 initio
1049 1571 1081 1600 a.
1109 1569 1215 1612 1213
1234 1571 1380 1599 comes
1400 1556 1562 1599 curialis
1583 1556 1804 1601 Biharien-

175 1625 230 1670 sis
261 1625 352 1679 fuit,
383 1624 615 1670 secundum
646 1637 740 1671 test.
778 1641 840 1669 nr.
872 1639 927 1684 42
949 1625 1081 1685 (165)
1103 1641 1250 1671 mense
1273 1626 1478 1671 Octobris
1493 1627 1683 1671 eiusdem
1705 1629 1805 1672 anni

174 1697 376 1742 invicino
397 1696 604 1741 comitatu
635 1697 903 1741 Zarandiensi
936 1697 1111 1756 aequale
1143 1713 1296 1741 munus
1328 1698 1534 1755 gessisse3
1552 1714 1682 1756 porro
1711 1710 1805 1743 test.

174 1783 236 1813 nr.
266 1783 325 1826 44
355 1779 398 1812 et
428 1781 483 1826 45
518 1769 786 1824 (166—167)
819 1779 970 1812 octava
1002 1767 1068 1812 die
1102 1769 1258 1812 mensis
1289 1769 1549 1813 Novembris
1582 1785 1605 1813 a
1635 1771 1804 1814 notario

175 1839 356 1897 registro
402 1838 515 1883 illata
560 1838 700 1884 fuisse.
746 1839 877 1883 Proin
909 1855 1027 1883 casus
1071 1840 1113 1883 in
1158 1840 1508 1899 subsequentibus
1552 1841 1804 1886 testimoniis

176 1909 403 1954 memorati
434 1925 585 1954 omnes
616 1910 725 1954 inter
757 1910 794 1954 8.
826 1910 1088 1955 Novembris
1131 1922 1174 1955 et
1218 1924 1270 1968 25
1320 1912 1567 1956 Decembris
1611 1928 1645 1957 a.
1695 1926 1801 1971 1213

177 1996 368 2025 evenere.

316 2051 493 2096 Sextum
524 2067 599 2096 seu
631 2051 826 2096 ultimum
871 2051 1117 2096 fasciculum
1164 2064 1258 2097 test.
1303 2068 1337 2096 a.
1388 2066 1496 2112 1213
1543 2055 1805 2098 constituunt

176 2123 418 2168 testimonia
457 2138 516 2168 nr.
564 2125 738 2181 47—67
786 2122 1077 2183 (143—163).
1119 2123 1363 2181 Ingrediens
1395 2135 1539 2168 tamen
1568 2137 1663 2171 test.
1682 2125 1804 2169 huius

176 2194 360 2239 fasciculi
391 2193 472 2254 (nr.
506 2194 747 2253 47=143)
788 2195 929 2239 statim
961 2194 1082 2238 nobis
1130 2195 1424 2239 difficultatem
1466 2195 1667 2252 obtrudit,
1707 2212 1805 2239 nam

179 2265 389 2310 «Comam
431 2266 635 2310 comitem
680 2265 732 2309 de
777 2266 982 2309 Zounuk»
1029 2277 1251 2319 memorat,
1297 2266 1413 2310 cuius
1457 2267 1499 2310 in
1538 2267 1805 2311 documentis

177 2337 345 2380 coaevis
366 2337 526 2380 nullum
558 2337 784 2395 vestigium
819 2348 966 2380 exstat.
989 2336 1073 2381 Sed
1104 2337 1415 2381 observandum
1447 2348 1525 2391 est,
1546 2338 1589 2381 in
1609 2349 1803 2395 regestro

175 2407 327 2465 raptim
341 2407 496 2465 scripto
513 2423 815 2467 nonnunquam
834 2408 1013 2452 comites
1034 2423 1161 2452 veros
1173 2423 1407 2467 eorumque
1429 2408 1623 2462 vicarios,
1648 2408 1804 2453 scilicet

176 2479 355 2523 comites
388 2478 562 2523 curiales
592 2491 871 2537 permutatos,
902 2489 1029 2536 prout
1061 2490 1104 2522 et
1134 2480 1180 2524 in
1225 2478 1466 2523 nominibus
1514 2480 1692 2536 propriis
1738 2480 1805 2523 hic

175 2549 355 2609 illucque
388 2549 578 2594 defectus
610 2562 653 2594 et
684 2565 843 2594 naevos
877 2550 1134 2594 commissos
1168 2550 1307 2595 fuisse.
1339 2550 1483 2607 Ipsum
1506 2563 1804 2607 argumentum

177 2621 259 2665 litis
299 2621 383 2664 scil.
435 2621 698 2678 participatio
751 2621 893 2665 damni
936 2620 1049 2673 illati,
1092 2636 1218 2665 unam
1264 2621 1301 2665 el
1347 2619 1563 2663 dimidiam
1621 2635 1804 2664 marcam
