2170 3210
429 159 496 195 300

1047 302 1122 346 Nr.
1158 315 1253 359 375.
1285 299 1429 360 (128.)

569 388 723 446 Bagha,
740 387 849 436 filius
869 386 1156 444 hodnogionis
1173 386 1348 438 Lucae,1
1366 400 1461 428 cum
1479 384 1654 428 haberet
1671 398 1857 437 servum,
1877 383 2052 428 nomine

427 459 704 516 Stephanum,
735 459 928 516 permisit
959 474 1057 502 eum
1090 457 1240 502 redimi
1271 471 1349 514 pro
1377 472 1450 500 sex
1473 456 1625 499 marcis
1645 467 1687 499 et
1708 455 1876 499 fertone
1897 470 1920 498 a
1942 468 2054 514 quo-

374 526 382 535 ”
426 531 525 574 dam
557 530 784 588 iobagione
817 545 908 583 suo,
941 545 1092 573 socero
1124 528 1322 572 videlicet
1354 527 1542 571 eiusdem
1575 527 1698 580 servi,
1719 526 1892 570 nomine
1914 526 2056 581 Crust,

427 617 525 646 cum
558 617 692 646 uxore
725 616 799 645 sua
831 602 963 645 Moxa
995 612 1037 644 et
1068 600 1156 644 filio
1179 599 1364 657 Chegza‚
1389 599 1440 642 de
1462 598 1609 656 quibus
1633 598 1794 641 duobus
1815 597 1993 642 habetur
2014 597 2057 641 in

429 673 777 730 praecedentibus
811 672 1005 729 scriptis.2
1037 672 1083 715 In
1116 683 1274 715 tantam
1297 682 1438 714 autem
1461 669 1700 713 libertatem
1721 679 1818 712 sunt
1836 668 2056 726 redempti,

428 743 544 803 quod
575 755 661 788 tam
692 744 783 801 ipsi,
816 759 941 802 quam
973 744 1113 787 omnis
1146 743 1364 800 generatio
1404 742 1452 785 ab
1497 740 1659 784 eisdem
1691 754 1922 792 sucessura,
1953 739 2052 783 ubi-

428 831 593 874 cunque
625 815 795 868 vellent,
827 814 1024 858 manendi
1056 814 1117 858 fas
1149 813 1317 857 habent.

1047 968 1125 1012 Nr.
1162 969 1259 1024 376.
1291 965 1435 1026 (129.)

570 1051 798 1101 Ladislau5‚
833 1066 979 1095 comes
1019 1051 1070 1095 de
1103 1050 1239 1095 Baach
1272 1061 1315 1094 et
1346 1050 1472 1094 iudex
1504 1050 1657 1102 curiae,
1687 1063 1763 1105 per
1793 1063 1888 1092 suas
1933 1047 2056 1092 nobis

429 1123 571 1167 literas
602 1123 824 1176 intimavit,
857 1122 972 1181 quod
1003 1123 1170 1175 Lucas,³
1212 1121 1498 1166 ministerialis
1543 1120 1742 1164 ecclesiae
1786 1119 1837 1163 de
1882 1118 2060 1172 Curud,4

431 1206 649 1238 teneretur
680 1209 758 1251 pro
793 1193 991 1253 quodam,
1022 1194 1194 1238 nomine
1226 1193 1389 1251 DeguZ,
1421 1192 1586 1236 solvere
1619 1190 1819 1235 Varadini
1862 1191 1904 1234 in
1947 1189 2057 1234 festo

429 1266 568 1309 sancti
600 1265 847 1310 Michaelis⁵
879 1266 1012 1322 Jacon
1044 1277 1086 1309 et
1116 1265 1268 1321 Joanni
1311 1263 1632 1323 quatuordecim
1663 1277 1823 1306 marcas
1846 1273 1888 1306 et
1909 1261 2062 1306 decem

431 1349 473 1380 et
507 1349 672 1394 septem
704 1336 907 1393 pondera,
931 1348 974 1380 et
1006 1336 1186 1393 acceptis
1209 1335 1379 1380 tandem
1399 1334 1492 1388 illis,
1511 1334 1640 1378 iidem
1666 1335 1795 1390 Jacou
1812 1344 1854 1377 et
1875 1334 2057 1389 Joannes

430 1408 636 1452 haberent
667 1409 731 1451 ius
763 1407 1005 1466 requirendi
1036 1423 1183 1452 servos
1216 1422 1326 1451 suos
1372 1405 1614 1450 Praedictus
1657 1409 1795 1463 itaque
1840 1404 1974 1448 Lucas
2017 1403 2060 1447 in

430 1479 648 1536 praedicto
687 1479 800 1523 festo
834 1491 877 1523 et
909 1479 1006 1523 loco
1039 1478 1244 1536 persolvit
1274 1477 1496 1535 praedictis
1528 1476 1659 1532 Jacon
1691 1486 1733 1518 et
1763 1475 1915 1532 Joanni
1939 1489 2060 1519 sum-

430 1566 546 1594 mam
578 1550 817 1607 praedictae
848 1550 1064 1608 pecuniae,
1095 1549 1216 1594 nobis
1250 1548 1538 1606 praesentibus
1561 1558 1604 1591 et
1624 1546 1869 1592 Sebastiano
1890 1545 1941 1590 de
1963 1545 2060 1590 villa

431 1622 571 1676 Baba‚⁶
603 1622 807 1679 pristaldo
840 1622 965 1666 huius
997 1636 1157 1665 causae.

1055 1775 1130 1819 Nr.
1167 1789 1262 1833 377.
1295 1772 1439 1833 (130.)

576 1860 762 1902 Domina
784 1858 1065 1916 Margaretha,
1088 1873 1195 1901 uxor
1218 1856 1434 1915 quondam
1453 1855 1680 1899 Torcunca
1702 1853 1881 1908 comitis,
1903 1851 2061 1896 habens

433 1941 590 1973 terram
622 1930 945 1973 haereditariam
976 1929 1148 1972 nomine
1183 1928 1397 1972 Gilianus⁷
1429 1941 1481 1969 ex
1513 1925 1745 1969 donatione
1788 1923 1916 1982 patris
1960 1922 2063 1975 eius,

434 2000 632 2045 videlicet
664 2001 848 2045 Forcasii
890 2010 935 2044 et
979 2000 1157 2043 fratrum
1198 2014 1388 2051 suorum,
1432 1997 1589 2041 scilicet
1632 1996 1805 2053 Joannis
1849 2005 1892 2038 et
1933 1993 2063 2046 Pauli,

432 2083 758 2130 mortuopatre
797 2086 875 2115 suo
921 2082 963 2116 et
1006 2071 1174 2124 marito,
1218 2069 1464 2114 inconsultis
1509 2067 1702 2112 fratribus
1747 2067 1846 2119 suis,
1889 2064 2062 2109 donavit

578 2238 589 2259 ²
616 2239 743 2280 Lucas,
770 2240 934 2285 princeps
961 2238 1135 2273 exercitus
1155 2248 1215 2272 seu
1233 2236 1416 2282 Ungarice
1435 2235 1614 2281 Hadnagy
1635 2231 1860 2279 (Hodnogio)
1879 2231 2060 2267 Biharien-

433 2301 479 2335 sis
507 2288 662 2334 occurrit
687 2310 717 2333 a.
749 2308 847 2341 1214.
876 2297 1023 2332 Confer.
1049 2307 1154 2343 supra
1180 2307 1233 2330 nr.
1259 2305 1315 2341 97.

578 2358 592 2377 ²
618 2358 703 2392 Pars
730 2357 889 2403 regestri,
916 2367 1006 2403 quae
1032 2356 1092 2391 hic
1118 2356 1289 2396 innuitur,
1316 2355 1444 2389 iniuria
1470 2361 1679 2399 temporum
1705 2352 1819 2398 periit.

579 2417 593 2437 ²
618 2418 732 2463 Supra
758 2428 810 2451 nr.
837 2425 917 2459 244,
946 2425 1025 2459 245.

578 2475 593 2495 4
618 2475 949 2511 Kaira-Monostora
975 2486 1080 2521 supra
1107 2486 1159 2509 nr.
1187 2483 1266 2518 217,
1294 2482 1371 2516 244,
1399 2481 1479 2516 245.
1507 2471 1601 2506 infra
1628 2482 1679 2505 nr.
1710 2469 1786 2515 387.

580 2535 593 2555 ⁵
618 2535 686 2570 Die
713 2545 794 2578 29·a
819 2534 1061 2580 Septembres.

580 2593 593 2613 ⁶
619 2593 826 2639 Hejo-Bziba
851 2594 890 2628 in
917 2604 1010 2628 com.
1038 2591 1176 2627 Borsod
1202 2591 1254 2636 (Β).

581 2653 593 2675 ⁷
622 2653 830 2700 Gelyenyes
857 2654 894 2687 in
921 2663 1016 2688 com.
1041 2652 1155 2697 Bereg
1168 2652 1222 2696 (ἓ).
