2170 3210
455 187 525 221 204

1081 318 1157 362 Nr.
1198 333 1290 375 142.
1324 319 1455 376 (195.)

594 401 738 445 Bandu
771 400 824 445 de
855 401 955 445 villa
988 401 1142 458 Gyan‚¹
1175 413 1348 459 portato
1381 401 1586 446 Varadini
1618 401 1732 445 ferro
1763 417 1842 459 pro
1876 402 2082 447 fractione

450 472 588 516 dentis
621 484 663 516 et
694 471 878 529 dampno
911 471 1183 531 quadraginta
1213 472 1452 530 ponderum
1483 473 1659 530 argenti,
1696 472 1942 518 iustificatus
1986 473 2079 518 est*

453 556 601 588 contra
633 545 758 598 Guta,
791 543 981 601 Boyciud
1014 556 1056 588 et
1089 544 1311 588 dominum
1343 546 1506 598 Kekeu,
1537 545 1675 589 iudice
1701 543 1933 602 Ragnaldo,
1953 559 2082 602 prae-

453 616 597 673 posito
629 615 891 668 Varadiensi,
925 627 967 658 et
999 615 1214 673 pristaldo,
1245 617 1418 660 nomine
1452 616 1655 674 Georgio.

1086 757 1162 803 Nr.
1202 771 1293 814 143.
1326 756 1458 814 (196.)

595 840 832 898 Stephanus
864 840 917 885 de
950 840 1046 883 villa
1077 840 1231 884 Perlu3
1268 840 1453 897 impetiit
1498 839 1734 892 Simonem,
1777 838 1912 883 filium
1957 839 2083 892 Fecu,

452 927 531 970 pro
564 912 694 965 furto,
725 912 862 956 iudice
896 911 1038 955 curiali
1071 913 1230 955 comite
1263 910 1314 955 de
1347 912 1533 962 Zounuc‚
1566 910 1740 954 nomine
1779 910 1960 968 Angelo,
1990 911 2083 968 pri-

453 983 591 1027 staldo
635 984 777 1041 Moys.
824 983 1066 1027 Praedictus
1114 982 1275 1036 Simon,
1328 994 1498 1040 portato
1544 982 1746 1027 Varadini
1788 982 1914 1035 ferm,
1956 996 2082 1026 com-

455 1055 601 1099 bustus
634 1067 709 1099 est.
1717 1051 1719 1054 ’

1086 1161 1161 1206 Nr.
1200 1176 1291 1219 144.
1324 1160 1454 1219 (197.)

600 1244 818 1298 Choucad,
851 1259 958 1288 uxor
990 1243 1219 1297 Tekudini,
1251 1244 1361 1287 servi
1383 1243 1563 1298 Fabiani,
1583 1254 1815 1302 conquesta
1833 1253 1897 1287 est
1919 1242 2085 1286 Simoni

456 1316 705 1360 Varadiensi
737 1316 939 1373 episcopo
971 1316 1127 1369 dicens,
1159 1315 1287 1374 quod,
1325 1330 1421 1359 cum
1463 1315 1553 1372 ipsa
1596 1316 1651 1359 sit
1698 1314 1839 1367 libera,
1886 1313 2083 1358 dominus

453 1403 553 1431 suus
585 1387 789 1433 Fabianus
821 1387 921 1430 velit
954 1402 1049 1430 eam
1081 1386 1272 1444 redigere
1303 1387 1349 1430 in
1380 1386 1642 1430 servitutem.
1674 1386 1732 1429 At
1752 1385 1824 1430 ille
1847 1384 1964 1438 dixit,
1987 1400 2082 1429 eam

455 1474 576 1503 suam
607 1474 700 1503 esse
732 1459 936 1504 ancillam.
968 1459 1040 1502 Illa
1071 1474 1175 1503 vero
1208 1458 1313 1502 dixit
1345 1470 1531 1502 tutorem
1565 1473 1639 1501 sue
1672 1457 1888 1511 libertatis,
1907 1456 2084 1501 nomine
2143 1462 2145 1464 '

457 1531 642 1577 Gunuzt.
675 1531 1200 1589 Praenominatus-itaque
1231 1529 1360 1574 iudex
1391 1530 1534 1587 posuit
1562 1543 1636 1573 eos
1667 1528 1720 1572 ad
1749 1528 1952 1572 iudicium
1984 1527 2085 1571 ferri

457 1601 684 1657 candentis,
731 1601 833 1646 dans
878 1602 937 1645 eis
981 1601 1230 1659 pristaldum
1275 1601 1449 1645 nomine
1500 1601 1752 1644 Farcasium.
1799 1598 1883 1643 Sed
1924 1599 2087 1643 interea

455 1672 670 1730 praedicta
702 1672 921 1724 Choucad,
954 1687 999 1715 se
1030 1673 1165 1729 ipsam
1196 1687 1524 1730 recognoscenS‚
1555 1670 1749 1715 confessa
1794 1682 1872 1725 est,
1903 1685 1949 1714 se
1993 1684 2085 1713 esse

457 1744 650 1788 ancillam
689 1744 872 1797 Fabiani,
905 1755 951 1787 ut
981 1745 1073 1801 ipse
1105 1743 1327 1788 asserebat.
1360 1743 1564 1787 Fabianus
1596 1757 1715 1795 vero,
1745 1743 1881 1798 ipsam
1913 1740 2085 1800 quidem

457 1815 629 1859 retinuit
661 1815 738 1860 sibi
769 1816 814 1860 in
845 1814 1049 1868 ancillam,
1081 1814 1156 1858 sed
1188 1814 1292 1858 filias
1324 1815 1415 1859 eius
1447 1813 1605 1858 dimisit
1652 1827 1745 1857 esse
1791 1811 1953 1866 liberas,
1987 1826 2084 1856 cum

457 1887 576 1930 omni
607 1888 898 1944 generatione,
931 1901 1035 1945 quae
1068 1885 1117 1929 ab
1149 1885 1230 1929 illis
1262 1896 1326 1929 est
1358 1898 1614 1936 successura,
1636 1895 1682 1927 ut
1704 1898 1831 1942 quam
1848 1883 1976 1941 ipsae,
1997 1893 2085 1926 tam

458 1958 597 2002 omnis
629 1973 774 2002 earum
805 1958 1030 2015 progenies
1063 1957 1293 2016 utriusque,
1326 1956 1395 2000 ubi
1425 1955 1649 2007 voluerint,
1681 1953 1879 1998 manendi
1903 1953 2086 1998 habeant

458 2028 706 2073 libertatem.

723 2190 727 2193 ι
1077 2134 1152 2179 Nr.
1191 2148 1285 2191 145.
1319 2132 1464 2192 (198.)

584 2216 741 2274 Sabud
772 2228 815 2262 et
838 2217 989 2261 *Kereu
1021 2217 1294 2273 impetierunt
1325 2216 1465 2260 Tivan
1499 2214 1551 2259 de
1584 2213 1799 2259 occisione
1821 2229 1950 2258 nurus
1972 2228 2087 2266 suae,

459 2288 621 2333 sororis
652 2288 856 2346 ipsorum,
886 2287 1023 2332 iudice
1056 2288 1250 2332 Gabriele
1283 2286 1595 2339 archidiacono,
1634 2285 1827 2329 Farcasio
1871 2283 2084 2342 pristaldo,

602 2442 614 2462 ¹
640 2442 668 2477 E
694 2441 806 2477 tribus
831 2440 1198 2487 (Kote-Mezd—Vizes)
1223 2440 1342 2488 Gyan.
1375 2441 1480 2488 quis?
1518 2451 1594 2475 non
1633 2448 1772 2474 constat
1809 2439 1923 2485 Supra
1960 2450 2013 2473 nr.
2039 2447 2086 2481 40

459 2513 516 2548 97,
541 2501 637 2537 Infra
663 2512 716 2537 nr.
746 2501 822 2536 161.
879 2534 883 2536 ,
922 2522 924 2526 ⁴

604 2560 619 2581 ²
644 2561 686 2596 In
712 2560 869 2596 editione
894 2560 1054 2607 principe
1080 2569 1251 2595 erronee:
1278 2559 1478 2594 iutificatus.

604 2619 618 2640 ⁸
642 2619 750 2655 Nunc
776 2619 926 2655 nomine
951 2630 992 2655 ex
1019 2619 1202 2655 Germano
1227 2619 1263 2652 in
1290 2618 1500 2665 Hungarum
1525 2628 1629 2652 verso
1647 2616 1809 2664 Gyongy
1828 2615 1916 2651 olim
1933 2615 1970 2650 in
1987 2618 2084 2650 com.
2153 2613 2170 2642 f.

461 2680 630 2723 Szolnok‚
657 2689 754 2714 nunc
780 2679 950 2715 Szatmar.
