2170 3210
1686 164 1747 189 101

114 312 224 358 1229
270 299 483 344 collocare
535 298 754 345 debemus.
807 298 976 342 Totum
1026 297 1187 342 fascem
1237 298 1587 342 testimoniorum
1624 298 1757 356 priori

107 371 305 417 semestri
336 388 370 416 a.
409 385 520 428 1229
556 385 701 416 ortum
732 370 878 425 fuisse,
909 386 971 415 nr.
1009 372 1090 428 366
1124 370 1245 429 (355)
1278 370 1406 414 etiarn
1438 370 1589 423 innuit,
1634 369 1757 414 affir-

106 442 281 500 mando,
319 444 583 502 paciscentes
635 444 866 488 terminum
917 442 1144 487 solutionis
1194 455 1353 486 22—am
1399 458 1455 486 m.
1501 442 1594 486 Iulii
1644 457 1756 486 con-

107 515 304 560 stituisse.

250 587 360 632 Huic
392 603 505 632 anno
544 601 653 644 1229
687 586 876 647 undique
912 586 1187 631 consentiunt
1220 587 1377 630 summi
1408 591 1682 645 magistratus
1714 587 1758 630 in

106 660 194 705 hoc
223 659 338 704 fasce
371 658 551 705 adducti.
585 659 746 704 Causas
790 670 885 704 test.
931 674 994 705 nr.
1044 660 1141 717 356,
1192 672 1290 716 357,
1334 660 1415 716 358
1462 657 1759 718 (345—347)‚

111 733 194 790 362
228 730 357 791 (351)
393 731 625 790 366—368
659 731 730 789 (35
742 730 940 792 5-357)
971 730 1190 775 Ladislaus
1222 729 1351 775 iudex
1385 731 1525 775 curiae
1547 730 1758 790 simulque

109 819 258 849 comes
290 803 527 848 Baesiensis
572 802 785 847 diiudicat.
831 802 1177 861 Archontologia
1217 802 1419 857 ostendit,
1461 818 1560 847 eum
1610 818 1759 847 revera

108 892 143 922 a.
182 878 409 933 1226—31
446 875 554 920 haec
585 890 764 919 munera
795 875 990 933 gessisse.
1023 877 1071 919 In
1114 890 1239 919 causa
1271 886 1367 921 test.
1411 890 1471 919 nr.
1521 890 1603 933 359
1637 875 1758 933 (348)

107 947 353 994 Alexander
367 948 593 1006 episcopus
610 946 884 992 Varadiensis
902 962 1015 991 anno
1038 961 1150 1007 1230
1165 947 1250 991 iam
1266 959 1463 991 mortuus
1481 947 1568 1005 egit
1577 946 1758 991 iudicem

111 1020 531 1066 «discretissimum».
555 1047 612 1052 —
658 1019 756 1064 Eius
788 1030 1042 1077 procurator
1072 1019 1377 1078 (oeconomus)
1399 1019 1621 1064 Heraclius
1643 1019 1760 1063 cuius

106 1093 273 1138 mentio
305 1092 348 1136 in
380 1103 475 1137 test.
507 1108 567 1137 nr.
604 1094 682 1150 361
720 1091 844 1150 (350)
877 1090 940 1145 fit,
971 1092 1056 1135 iam
1101 1107 1136 1136 a.
1189 1092 1298 1135 1226
1347 1090 1607 1136 occurrebat.
1641 1091 1760 1135 [dem

106 1165 407 1210 testimonium
438 1164 569 1208 etiam
599 1164 806 1208 Ioannem
844 1159 1138 1221 praepositum
1182 1162 1523 1207 Varadinensem
1567 1162 1762 1221 appellat,

107 1238 183 1296 qui
211 1248 312 1295 post
343 1251 501 1281 annum
539 1249 645 1280 1221
683 1235 888 1280 duntaxat
921 1234 975 1279 ad
1005 1235 1115 1280 hanc
1148 1234 1399 1294 dignitatem
1421 1247 1652 1293 provectus
1685 1247 1763 1289 est,

107 1309 205 1368 quia
235 1323 369 1368 usque
402 1323 456 1352 eo
489 1306 747 1366 Reginaldus
779 1306 1055 1366 (Raynaldus)
1087 1307 1197 1351 hanc
1230 1307 1376 1352 tenuit.
1421 1308 1596 1365 Insigne
1629 1323 1762 1366 argu-

106 1392 303 1425 mentum
334 1379 541 1438 temporis
573 1380 705 1424 etiarn
737 1390 832 1423 test.
854 1394 917 1423 nr.
943 1380 1026 1437 369
1047 1379 1168 1437 (358)
1191 1378 1495 1434 subministrat,
1527 1379 1762 1424 secundum

109 1451 227 1512 quod
255 1452 343 1497 litis
373 1451 486 1496 inter
525 1451 690 1495 nobiles
738 1451 940 1495 homines
986 1462 1028 1495 et
1074 1449 1267 1495 subditos
1311 1452 1440 1496 castri
1491 1451 1761 1497 Kolosiensis

109 1524 317 1569 excitatae
348 1522 538 1569 iudicem
571 1522 684 1577 Bela,
714 1523 858 1568 iunior
890 1538 979 1576 rex,
1011 1521 1319 1569 denominavit.
1351 1523 1463 1577 Bela‚
1503 1524 1643 1570 iunior
1675 1540 1764 1577 rex,

109 1608 227 1641 recte
244 1595 363 1641 annis
382 1597 555 1640 1226—
561 1609 616 1654 30
629 1595 897 1653 provinciam
913 1594 1249 1651 Trassylvanam
1263 1594 1536 1653 gubernabat,
1567 1596 1762 1655 adeoque

108 1668 169 1713 nil
201 1666 454 1718 mirandum,
500 1668 537 1712 si
580 1667 808 1712 hominum
852 1666 1232 1724 Transsylvaniam
1263 1666 1548 1712 incolentium
1587 1669 1762 1726 negotia

108 1752 273 1786 tractat.

252 1859 579 1912 Testimonia
630 1877 701 1911 nr.
762 1862 1038 1929 372-382
1090 1860 1172 1929 (=
1220 1861 1524 1929 125—135)
1576 1860 1761 1929 scripta

110 1961 246 1996 anno
294 1959 442 2012 1234.

252 2027 394 2071 Fascis
427 2027 497 2071 hic
530 2027 884 2071 testimoniorum
916 2026 1058 2070 solum
1090 2028 1210 2071 annis
1250 2028 1478 2085 1226-31
1516 2039 1559 2072 et
1588 2041 1763 2085 1234——

114 2113 135 2157 3
144 2114 164 2157 5
200 2099 467 2156 conscriptus
500 2111 578 2153 est,
611 2100 709 2158 quia
742 2114 888 2143 causas
920 2098 1045 2143 huius
1078 2098 1200 2143 fascis
1224 2099 1505 2157 utplurimum
1527 2099 1640 2154 (vide
1665 2111 1759 2144 test.

111 2186 172 2216 nr.
209 2185 457 2230 372—374,
492 2175 590 2229 376,
633 2172 731 2230 378,
778 2171 881 2230 380)
925 2170 1143 2215 Ladislaus
1186 2171 1317 2216 iudex
1365 2173 1507 2216 curiae
1554 2171 1763 2229 simulque

111 2257 259 2287 comes
293 2243 527 2287 Baesiensis
561 2242 773 2288 diiudicat.
806 2243 901 2288 Nec
934 2242 1048 2287 aliud
1079 2242 1285 2288 indicium
1318 2243 1583 2288 luculentum
1615 2244 1657 2287 in
1678 2243 1763 2286 hoc

110 2313 224 2359 fasce
256 2316 480 2372 reperitur,
510 2330 610 2359 nam
643 2315 828 2359 Ioannes
860 2316 1129 2372 praepositus
1174 2315 1449 2360 Varadiensis
1495 2328 1539 2360 et
1574 2315 1764 2359 Briccius

112 2387 340 2444 episcopus
372 2387 609 2441 VaciensiS‚
641 2402 825 2446 quorum
857 2387 1022 2431 mentio
1055 2387 1097 2430 in
1130 2398 1227 2432 test.
1260 2403 1322 2433 nr.
1360 2402 1441 2446 379
1465 2387 1588 2447 (132)
1609 2399 1651 2430 et
1677 2387 1755 2445 381

112 2459 234 2517 (134)
266 2457 329 2512 fit,
361 2471 403 2502 et
435 2459 554 2503 annis
593 2460 819 2518 1226—31
858 2470 902 2503 et
934 2460 1055 2503 annis
1105 2473 1304 2518 1234—3
1316 2473 1335 2516 5
1371 2459 1643 2517 dignitatibus
1677 2459 1763 2502 suis

115 2529 375 2576 fruebantur.

258 2601 490 2646 Fortunate
523 2614 667 2648 tamen
700 2605 895 2662 contigit,
948 2615 994 2647 ut
1045 2614 1141 2649 test.
1193 2619 1254 2648 nr.
1312 2606 1393 2661 376
1445 2603 1567 2661 (129)
1611 2601 1764 2646 saltem

115 2688 264 2718 mense
297 2685 340 2718 et
373 2674 441 2719 die
473 2675 762 2733 inscriptionis
794 2691 882 2720 non
916 2686 1056 2719 careat
1090 2687 1131 2719 et
1164 2687 1259 2719 test.
1296 2690 1379 2733 377
1413 2675 1536 2732 (130)
1569 2675 1762 2718 mentio—
