2170 3210
383 182 427 218 92

384 314 582 358 fasciculo
616 325 738 357 sexto
763 313 872 357 clare
903 313 1073 370 patebit,
1102 314 1375 357 Farkas-ium
1407 314 1532 367 hunc,
1563 315 1694 371 priori
1725 330 1901 359 munere
1923 315 2008 359 iam

382 385 566 428 habilem
598 384 811 437 effectum,
843 400 877 430 a.
915 398 1025 428 1220
1058 385 1140 428 iam
1186 384 1238 428 ad
1269 384 1446 442 gradum
1479 386 1648 429 comitis
1681 385 1845 430 curialis
1878 401 2008 430 evec-

384 469 475 500 tum
507 455 651 509 fuisse,
682 455 872 513 adeoque
905 455 1127 499 fasciculus
1159 456 1328 514 quintus
1361 471 1530 514 quoque
1563 468 1658 500 test.
1682 472 1741 501 nr.
1776 458 2006 515 259—263

408 550 462 563 z
501 527 752 587 116—120)
785 533 837 571 ad
868 543 1025 571 annum
1062 541 1172 571 1220
1205 527 1475 571 collocandus
1508 539 1582 573 est.

526 600 637 644 Cum
669 598 854 642 fasciculi
885 599 991 643 sexti
1024 610 1118 642 test.
1152 614 1211 642 nr.
1245 601 1477 656 264—279
1512 598 1591 657 (=
1630 598 1823 658 13—28)
1855 615 2012 644 annum

384 671 639 730 quaerimus,
670 671 782 727 prius
815 669 1050 713 notandum
1082 669 1203 713 nobis
1248 681 1325 723 est,
1368 670 1479 713 hunc
1524 669 1768 714 fasciculum
1800 671 2011 728 integrum

383 758 531 786 mense
565 741 746 786 Octobri
778 741 982 799 scriptum
1014 755 1117 785 esse.
1150 740 1285 794 Quod
1316 740 1426 784 facili
1464 741 1642 797 negotio
1688 740 1935 787 ostenditur.
1965 742 2012 785 In

385 830 508 858 causa
541 824 634 857 test.
669 828 729 856 nr.
763 827 849 870 274
880 811 983 872 (23)
1014 813 1075 856 rei
1106 812 1372 868 promittunt,
1419 827 1464 855 se
1515 827 1589 855 1-a
1620 812 1879 856 Novembris
1911 827 2012 869 pre-

385 886 490 928 tium
523 884 736 942 sanguinis
768 884 995 927 soluturos.
1028 884 1150 927 Patet
1183 898 1301 941 ergo,
1339 883 1447 927 hanc
1495 899 1663 927 causam
1707 883 1856 927 saltem
1887 883 2013 940 paulo

384 968 480 1000 ante
518 970 633 999 1—am
662 955 922 999 Novembris
955 955 1155 1012 agitatam
1192 954 1333 999 fuisse.
1372 955 1508 998 Porro
1543 970 1712 998 causam
1742 955 1783 998 in
1817 966 1912 999 test.
1953 970 2014 1000 nr.

385 1030 469 1085 276
503 1026 607 1087 (25)
640 1039 885 1071 contentam
917 1027 1106 1070 notarius
1139 1026 1350 1083 completa
1381 1025 1659 1076 hebdomada,
1691 1026 1734 1069 in
1755 1041 1836 1084 qua
1855 1025 2013 1069 festum

385 1115 415 1143 s¹
449 1099 561 1143 Galli
593 1098 851 1142 celebratum
883 1097 974 1151 fuit,
1006 1109 1198 1155 segestro
1231 1097 1381 1151 intulit,
1427 1113 1530 1155 ergo
1576 1097 1627 1141 ad
1659 1112 1874 1141 summum
1905 1110 2015 1155 23-a

385 1170 600 1215 Octobris.
635 1168 796 1213 Causae
830 1184 933 1226 ergo
967 1169 1010 1212 in
1042 1169 1298 1212 testimoniis
1338 1180 1432 1214 test.
1464 1184 1524 1215 nr.
1559 1170 1642 1226 276
1690 1168 1792 1227 (25)
1839 1179 2013 1212 antece-

386 1241 579 1285 dentibus
610 1251 799 1284 narratae
833 1255 983 1284 omnes
1025 1255 1173 1284 mense
1205 1239 1386 1284 Octobri
1427 1240 1513 1294 (vel
1544 1240 1596 1283 ad
1639 1253 1852 1283 summum
1885 1240 2014 1283 altera

385 1325 503 1371 parte
537 1310 818 1371 Septembris)
851 1327 996 1355 coram
1027 1311 1225 1368 Capitulo
1258 1310 1538 1354 Varadinensi
1568 1322 1769 1354 tractatae
1801 1322 1908 1354 sunt.

529 1383 571 1427 Si
618 1398 723 1440 ergo
769 1397 917 1426 causae
962 1382 1085 1425 huius
1132 1381 1316 1426 fasciculi
1367 1398 1513 1426 mense
1562 1382 1765 1426 Octobris
1822 1381 1913 1441 (vel
1961 1380 2013 1424 ad

387 1470 601 1498 summum
634 1454 763 1497 altera
793 1465 912 1510 parte
944 1469 998 1499 m.
1042 1453 1325 1514 Septembris)
1370 1465 1486 1497 actae
1533 1465 1642 1507 sunt,
1686 1453 1903 1497 fasciculus
1946 1452 2014 1495 hic

387 1538 529 1570 sextus
563 1540 673 1568 anno
712 1538 817 1568 1221
866 1524 992 1568 tribui
1033 1525 1192 1582 nequit,
1236 1525 1330 1583 quia
1370 1524 1603 1568 secundum
1646 1536 1742 1568 test.
1788 1537 1872 1581 272
1916 1524 2015 1583 (21)

387 1597 509 1640 huius
543 1597 726 1640 fasciculi
775 1596 911 1640 adhuc
955 1596 1092 1652 Gyula
1124 1595 1253 1639 Ratot
1285 1611 1436 1639 munus
1484 1596 1652 1639 comitis
1697 1595 1860 1639 curialis
1903 1595 2015 1652 regis

388 1668 530 1726 gessit,
562 1680 603 1711 at
634 1683 739 1711 vero
785 1667 999 1711 mensibus
1045 1666 1283 1724 Septembri
1329 1679 1370 1710 et
1424 1666 1606 1710 Octobri
1660 1682 1693 1710 a.
1745 1679 1850 1709 1221
1898 1666 2015 1708 Bank

386 1738 501 1782 idem
534 1755 687 1782 munus
720 1739 926 1784 sustinuit.
959 1738 1043 1782 Sed
1074 1753 1211 1796 neque
1244 1738 1296 1781 ad
1328 1753 1483 1781 annum
1529 1751 1638 1794 1219
1684 1737 1904 1780 fasciculus
1949 1737 2016 1780 hic

387 1810 586 1854 collocari
618 1811 718 1868 quit,
749 1825 829 1867 pro
862 1825 929 1862 eo,
969 1809 1084 1868 quod
1126 1809 1340 1852 mensibus
1389 1809 1625 1866 Septembri
1670 1821 1711 1852 et
1756 1807 1939 1852 Octobri
1979 1823 2012 1851 a.

394 1894 517 1937 1219,
549 1892 594 1924 ut
625 1880 820 1934 vidimus,
851 1881 1010 1925 Tobias
1043 1881 1120 1924 fuit
1141 1896 1286 1924 comes
1309 1881 1471 1924 curialis
1492 1880 1824 1932 Szolnokiensis,
1847 1878 2017 1922 Kolked

388 1967 492 1995 vero
526 1952 791 2006 Bihariensis,
830 1968 927 1995 cum
970 1964 1126 2005 tamen,
1171 1952 1337 2011 quando
1384 1953 1452 1996 hic
1497 1951 1714 1995 fasciculus
1759 1950 2017 2003 exarabatur,

387 2022 630 2066 secundum⁸
652 2035 747 2066 test.
782 2039 843 2068 nr.
876 2026 956 2067 261
995 2022 1098 2082 (13)
1132 2035 1174 2067 et
1207 2026 1289 2080 265
1325 2022 1428 2083 (14)
1460 2039 1613 2067 munus
1645 2022 1812 2066 comitis
1852 2021 2016 2065 curialis

389 2093 706 2137 Szolnokiensis
739 2094 906 2147 vitalis,
937 2093 1038 2137 illud
1069 2110 1173 2138 vero
1207 2095 1469 2138 Bihariensis.
1502 2094 1657 2137 Farkas
1701 2092 1922 2150 gesserint.
1967 2092 2017 2134 In

388 2177 485 2211 test.
518 2181 580 2210 nr.
614 2179 699 2220 270
732 2155 834 2225 (19)
866 2180 998 2222 porro
1030 2166 1270 2209 invenimus
1300 2164 1527 2209 Nicolaum
1560 2164 1764 2208 comitem
1797 2163 2016 2219 Gy6rien-

389 2252 480 2280 sem
513 2235 826 2295 (lauriensem)‚
862 2237 931 2295 qui
976 2252 1086 2280 anno
1137 2250 1248 2280 1220
1291 2236 1389 2279 huic
1433 2235 1577 2279 officio
1628 2250 1822 2292 praeesse
1866 2234 2018 2291 potuit,

387 2323 485 2351 nam
517 2323 550 2352 a.
588 2320 693 2350 1221
731 2307 848 2360 alter,
878 2308 1052 2351 nomine
1085 2307 1170 2350 Pos
1201 2308 1315 2352 idem
1347 2307 1552 2350 sustinuit.

529 2378 669 2421 Dubio
702 2378 840 2436 itaque
875 2390 1001 2432 caret,
1032 2379 1144 2422 hunc
1176 2379 1418 2422 fasciculum
1464 2377 1515 2420 ad
1559 2392 1715 2420 annum
1762 2390 1871 2421 1220
1914 2391 2016 2433 per-

389 2450 523 2493 tinere
557 2464 789 2507 menseque
822 2449 1003 2493 Octobri
1035 2448 1126 2508 (vel
1157 2450 1200 2492 in
1232 2449 1368 2507 aliqua
1399 2448 1462 2491 sui
1506 2458 1623 2504 parte
1668 2448 1799 2491 altero
1842 2446 2015 2491 dimidio

388 2520 545 2563 mensis
574 2518 856 2579 Septembris)
889 2531 1083 2577 segestro
1116 2520 1277 2563 illatum
1309 2534 1412 2563 esse.
1446 2518 1488 2561 Si
1521 2533 1623 2575 ergo
1658 2518 1942 2574 comperimus
1974 2517 2016 2560 in

390 2602 486 2636 test.
518 2606 578 2636 nr.
613 2594 696 2647 269
732 2590 834 2650 (18)
867 2602 1141 2635 executorem
1174 2591 1455 2648 Csepan—um,
1487 2605 1509 2632 e
1544 2589 1639 2632 villa
1668 2588 1840 2645 Ladany
1862 2600 2017 2640 ortum,

389 2666 430 2708 in
463 2673 557 2706 test.
589 2677 694 2704 vero
729 2663 811 2705 266
847 2661 944 2720 (15)
977 2674 1019 2705 et
1052 2676 1133 2718 271
1172 2662 1267 2719 (2ο)
1299 2661 1458 2704 Fue-m
1493 2672 1534 2703 et
1559 2660 1821 2712 Mauricium‚
1842 2659 2015 2702 nomine
