2170 3210
1705 158 1775 195 297

126 299 339 334 metarum
382 305 464 334 una
510 301 574 334 est
618 290 663 334 in
706 301 855 334 monte
900 291 1077 334 nomine
1123 291 1316 344 Bur-sors,
1360 290 1459 335 inde
1504 306 1580 349 per
1617 290 1775 335 vallem

125 360 266 406 Kusol
294 361 411 406 vadit
443 361 497 406 ad
526 361 784 420 Agosholm,
816 373 860 406 et
891 361 989 406 inde
1022 377 1098 420 per
1130 362 1297 417 vallem,
1336 363 1513 407 nomine
1558 363 1627 418 Er,
1659 362 1776 406 vadit

131 431 184 478 ad
214 444 377 478 metam
415 435 593 480 Visata.¹
623 433 710 478 Sed
739 445 962 492 praeterea
994 446 1115 478 extra
1136 446 1272 478 metas
1294 435 1399 488 illas,
1424 449 1572 479 versus
1595 446 1774 493 septen-

127 505 355 560 trionalem
385 505 567 564 plagam,
599 507 866 564 supradictus
899 506 1008 564 Mog
1040 506 1166 550 habet
1199 508 1261 564 jus
1289 507 1491 551 sessionis
1513 506 1565 551 ad
1589 508 1774 565 spatium

127 576 280 636 viginti
310 579 517 637 jugerum.

756 674 834 719 Nr-
870 688 967 732 370·
999 673 1145 734 (359)

266 757 476 811 Absolon,
507 757 617 803 filius
649 758 827 812 Hurtu,²
860 770 1063 803 oretenus
1096 770 1160 803 est
1192 759 1328 812 nobis,
1367 759 1551 804 scilicet:
1586 758 1771 816 capitulo

124 829 394 875 Waradiensi
426 841 706 887 contestatus,
739 829 856 890 quod
888 824 1148 875 vendidisset
1181 830 1380 875 dominae
1425 831 1600 888 Iustinfg,
1644 830 1773 874 uxori

123 901 321 946 videlicet
353 902 469 959 Mice
501 902 685 953 comitiS‚
717 915 884 960 septem
916 904 1054 960 capita
1086 902 1326 957 hominum,
1373 918 1556 962 quorum
1599 903 1776 946 nomina

123 973 230 1018 haec
261 985 382 1018 sunt:
401 974 616 1029 Mathka‚³
636 990 747 1019 uxor
769 975 963 1020 eiusdem
982 975 1202 1020 Faelicitas
1226 987 1269 1019 et
1290 975 1363 1019 filii
1386 991 1539 1020 eorum
1560 974 1772 1028 Thomas,

125 1044 376 1090 Tanalchu⁴
407 1057 451 1090 et
482 1045 569 1103 filie
602 1046 841 1092 eorundem
873 1047 1030 1106 Maged
1061 1059 1104 1091 et
1134 1047 1284 1106 llegu.⁵

751 1215 827 1260 Nr.
927 1229 960 1260 1.
1049 1218 1117 1260 60.

264 1298 396 1343 Cives
428 1300 555 1343 castri
586 1298 807 1343 Bolondus
840 1213 1255 1357 d{7vill}13Le}iner:
1280 1300 1448 1354 Motcu,
1469 1299 1633 1353 Unuca,
1654 1300 1772 1344 Her—

122 1380 270 1429 tugug,
301 1370 461 1427 Luchy,
494 1369 636 1428 Ugud,
672 1370 816 1426 Baldu,
849 1371 936 1415 Bila
970 1382 1013 1415 et
1046 1371 1115 1415 alii
1146 1372 1422 1430 impetierunt
1467 1371 1676 1431 quosdam
1720 1371 1773 1416 de

123 1440 275 1486 eadem
308 1441 420 1496 villa,
450 1441 563 1486 filios
594 1442 905 1501 ioubagionum
939 1443 1087 1488 Sancti
1118 1444 1281 1502 RegiS,⁶
1314 1444 1496 1488 scilicet:
1520 1444 1774 1498 Serkenteu,

123 1513 297 1567 Marcel,
327 1513 446 1569 Acel,
480 1514 643 1572 Mogya
674 1525 718 1558 et
752 1514 828 1564 Vs,
852 1515 1056 1569 dicentes,
1080 1515 1197 1575 quod
1219 1531 1370 1560 eorum
1393 1527 1537 1560 essent
1560 1517 1774 1570 concives,

122 1584 248 1629 simili
279 1585 439 1640 officio,
470 1585 581 1630 idest
613 1586 757 1631 debito
792 1588 1072 1631 castrensium
1101 1587 1378 1645 subjacentes
1399 1588 1463 1649 Eli
1483 1599 1625 1633 autem
1648 1588 1773 1634 dixe—

124 1668 237 1711 runt,
267 1672 314 1702 se
353 1672 446 1702 esse
491 1657 604 1702 filios
636 1659 946 1717 ioubagionum
979 1659 1122 1704 Sancti
1153 1660 1282 1719 Regis
1315 1671 1357 1704 et
1390 1660 1475 1705 hoc
1506 1660 1621 1705 idem
1655 1661 1774 1706 dixe-

122 1739 232 1783 runt,
275 1740 322 1774 ut
364 1729 592 1788 pristaldus
637 1746 789 1775 eorum
832 1731 1061 1789 perhibuit,
1098 1731 1379 1790 ioubagiones
1412 1732 1604 1777 eiusdem
1637 1734 1776 1788 castri,

123 1800 346 1846 videlicet:
378 1802 540 1856 Matha,
571 1803 767 1861 princeps
800 1804 1025 1858 exercimS,
1057 1804 1258 1858 Chichur,
1285 1804 1445 1858 Sceret,
1466 1805 1617 1863 Mogy,
1635 1806 1772 1850 Pere-

124 1889 233 1928 mus,
263 1873 471 1930 Thomas,
515 1875 603 1928 Ind,
644 1875 819 1929 Albeus,
852 1876 1037 1934 Gyurca,
1068 1877 1217 1931 Poula,
1249 1876 1418 1931 Budius,
1452 1877 1636 1922 Henchu
1668 1893 1773 1922 cen-

121 1945 313 1990 turiones
345 1957 390 1991 et
421 1947 498 1992 alii.
532 1947 734 2001 Quorum
766 1948 1019 1992 testimonio
1052 1949 1275 2003 Martinus,
1307 1965 1455 1994 comes
1488 1965 1654 2004 eorum,
1685 1965 1775 1994 non

121 2029 351 2063 contentus
394 2034 472 2078 per
514 2019 776 2078 pristaldum,
814 2020 989 2064 nomine
1020 2020 1211 2065 Nuetlen
1243 2021 1295 2066 de
1327 2021 1424 2066 villa
1457 2021 1627 2075 Olsuc‚⁷
1659 2022 1774 2065 misit

121 2089 175 2134 ad
205 2106 389 2136 examen
421 2092 522 2136 ferri
560 2091 778 2136 candentis
823 2091 1117 2146 Waradinum,
1148 2093 1218 2137 ubi
1249 2094 1561 2151 praenominati
1605 2105 1773 2137 actores

265 2259 277 2281 ¹
303 2260 411 2295 Nunc
437 2259 535 2296 Vista
562 2272 582 2296 a
608 2261 809 2296 Kolozsvzir
835 2261 1067 2298 occidentem
1093 2273 1226 2298 versus.

266 2318 280 2339 ²
307 2319 423 2367 Supra
448 2321 487 2356 in
514 2333 567 2356 nr.
599 2330 663 2365 54:
692 2321 798 2357 Hurz.

267 2377 281 2398 ³
305 2379 421 2427 Supra
446 2380 547 2415 Masa
574 2392 628 2416 nr.
656 2379 713 2422 26,
744 2391 796 2425 54.

264 2437 279 2458 ⁴
316 2439 402 2474 Post
439 2439 511 2475 hoc
549 2451 670 2476 errore
709 2440 840 2476 calami
879 2441 1056 2477 omissum
1094 2450 1147 2477 est
1183 2452 1319 2478 nomen
1361 2441 1581 2489 ‹Gyonon».
1614 2441 1765 2477 Confer.

119 2508 230 2546 supra
259 2510 312 2534 nr.
343 2508 396 2544 54.

264 2557 280 2578 ³
306 2558 484 2595 Homines
510 2558 579 2595 hos
605 2559 770 2595 Absalon
796 2571 826 2595 a.
859 2570 945 2606 1213
974 2562 1074 2596 emit.
1102 2561 1252 2597 Confer.
1279 2573 1386 2608 supra
1414 2573 1467 2597 nr.
1498 2571 1551 2606 54.

265 2617 278 2637 ⁰
302 2618 343 2653 In
370 2618 533 2655 editione
559 2620 746 2666 principe:
776 2620 1009 2667 ioubagionis
1034 2622 1152 2657 sancti
1179 2623 1286 2668 regis.

261 2677 274 2700 ⁷
301 2678 415 2714 Alsok
443 2678 511 2714 fuit
537 2686 638 2715 vetus
666 2690 805 2715 nomen
832 2682 916 2727 pagi
946 2679 1337 2728 Gyor-Szentmzirton.
