2170 3210
427 162 495 199 292

1059 294 1134 338 Nr.
1201 295 1224 337 6
1259 330 1266 338 .
1405 329 1412 337 .

571 366 680 411 Cum
698 366 913 423 ignoraret
930 365 1065 408 homo
1088 308 1217 408 finein
1229 294 1399 408 (dieiiiffi
1414 293 1602 419 luorum,
1617 364 1839 409 Mauritius
1861 366 2059 411 sacerdos

431 455 475 483 se
511 450 553 482 et
587 437 729 482 omnia
762 452 849 490 sua,
892 435 1195 480 Waradiensi1
1238 436 1440 480 ecclesiae
1484 436 1753 493 protectioni,
1785 436 1886 481 dum
1925 437 2061 484 adhuc

429 511 607 563 viveret,
640 508 853 553 commisit
896 519 939 551 et
982 507 1202 551 facultates
1247 523 1341 550 suas
1387 507 1525 551 taliter
1571 506 1781 551 ordinavit
1813 519 1855 552 et
1886 493 2057 554 seruum

428 596 565 635 suum,
595 580 768 624 nomine
801 579 976 632 Atuam,
1008 579 1238 631 constituit,
1269 590 1315 622 ut
1346 590 1444 636 post
1475 590 1662 622 mortem
1700 594 1818 623 suam
1862 580 1916 623 sit
1957 580 2056 638 pul-

427 664 543 696 sator
576 651 776 695 ecclesiae
809 650 1107 694 Waradiensis.
1142 649 1367 693 Mulierem
1402 660 1544 693 autem
1574 649 1783 708 quandam
1809 651 2057 708 emptitiam,

424 724 599 768 nomine
627 723 819 779 Scepam,
854 720 968 765 dedit
991 721 1211 774 ecclesiae,
1233 732 1279 764 ut
1295 732 1394 778 post
1411 732 1598 764 mortem
1614 721 1742 778 ipsius
1760 720 1832 765 det
1854 721 2056 766 ecclesiae

424 810 607 839 massam
630 808 762 846 cerae,
781 792 1089 850 ponderantem
1112 793 1213 836 duas
1233 808 1407 846 marcas,
1428 792 1538 835 filius
1561 808 1664 836 vero
1689 792 1878 837 eiusdem
1895 792 2051 837 mulie-

426 867 481 910 ris
527 877 570 910 et
617 865 722 909 duae
754 864 866 908 filiae
906 861 1108 922 quinimo,
1153 864 1187 907 si
1233 879 1338 922 quos
1382 864 1473 920 ipsa
1518 863 1668 907 eadem
1711 875 1892 920 pareret,
1934 863 2055 908 liberi

428 938 571 981 forent
603 936 795 980 omnino.

1046 1030 1120 1075 Nr.
1155 1032 1253 1087 361.
1287 1029 1425 1090 (350.)

565 1103 808 1159 DionysiuS,
849 1101 971 1144 Ysou
1004 1112 1045 1144 et
1077 1101 1182 1154 Puk,
1225 1102 1395 1158 patroni
1438 1102 1639 1145 ecclesiae
1682 1101 1815 1145 sancti
1857 1100 2055 1145 Andreae

424 1174 475 1219 de
508 1174 750 1218 Zobodian2
782 1184 1000 1217 traxerunt
1046 1173 1090 1216 in
1134 1187 1303 1216 causam
1349 1172 1561 1217 dusinicos
1605 1188 1757 1217 eorum
1800 1171 2053 1231 exequiales,

424 1246 608 1290 scilicet:
639 1248 779 1296 Mour,
810 1245 1001 1298 Paulum,
1033 1244 1320 1298 Laurentium,
1351 1245 1514 1298 Ereust,
1546 1246 1759 1304 Petamlet
1780 1243 1885 1288 alios
1908 1258 2053 1287 coram

422 1317 614 1360 Eraclio³
645 1319 875 1360 Yconomo
908 1326 951 1359 et
983 1314 1161 1359 custode
1195 1315 1472 1369 Waradiensi,
1495 1315 1694 1369 dicentes,
1716 1314 1830 1374 quod
1850 1314 2053 1372 praedicti

423 1388 600 1432 dusinici
631 1403 729 1431 cum
758 1386 993 1431 minoribus
1027 1386 1235 1444 expensis,
1267 1386 1337 1444 qui
1380 1386 1594 1438 deberent,
1635 1386 1854 1430 seruitium
1898 1401 2048 1430 eorum

421 1459 692 1503 celebrarent.
725 1458 918 1517 Denique
951 1473 1097 1501 coram
1129 1457 1323 1515 Capitulo
1355 1457 1618 1502 Waradiensi
1650 1456 1826 1501 scilicet:
1857 1457 2053 1513 Johanne

420 1530 695 1588 praepositos*
726 1529 932 1574 Michaele
966 1540 1137 1573 cantore
1170 1539 1213 1572 et
1245 1529 1332 1572 aliis
1354 1540 1396 1573 et
1414 1540 1637 1585 praesente
1657 1529 1816 1582 Micou,
1844 1527 2049 1585 pristaldo

422 1613 463 1646 et
508 1602 664 1645 vicario
711 1601 919 1644 nominati
967 1600 1127 1653 iudicis,
1174 1600 1466 1643 controversia
1510 1599 1818 1656 praedictarum
1863 1599 2047 1657 partium

420 1673 479 1716 sic
511 1684 576 1717 est
607 1672 757 1730 sopita,
788 1671 904 1730 quod
935 1670 1162 1728 saepedicti
1194 1670 1381 1723 dusinici,
1423 1686 1595 1715 manere
1638 1672 1748 1714 circa
1790 1669 2047 1727 praedictam

421 1743 640 1788 ecclesiam
674 1742 875 1787 deberent
906 1753 948 1786 et
979 1742 1193 1785 annuatim
1227 1742 1271 1785 in
1292 1742 1400 1786 festo
1421 1742 1554 1786 sancti
1585 1741 1803 1786 Michalis⁶
1826 1741 2046 1794 seruirent,

419 1814 589 1858 insimul
619 1825 832 1873 quotquot
863 1824 1004 1857 essent
1037 1828 1133 1857 curn
1164 1813 1318 1857 trienni
1349 1812 1473 1867 boue,
1511 1824 1682 1856 centum
1724 1812 1910 1869 panibus,
1953 1811 2046 1858 XIL

419 1886 543 1931 idris⁶
577 1886 803 1930 cervisiae⁶
835 1896 877 1929 et
908 1884 1097 1942 singulae
1141 1884 1383 1928 mansiones
1428 1885 1611 1941 singulas
1655 1884 1802 1927 missas
1847 1882 2050 1927 celebrari

420 1957 560 2002 facere
593 1968 851 2002 tenerentur.
876 2015 879 2018 Ι

561 2077 573 2098 ²
600 2076 733 2111 Recte:
758 2075 1015 2111 Waradiensis.

559 2135 573 2155 ²
598 2135 731 2171 Nostra
772 2135 1015 2181 orthografia:
1057 2134 1314 2181 Szabad-Gyain
1357 2142 1391 2170 et
1433 2133 1611 2180 significat
1652 2144 1798 2179 pagum,
1836 2133 1896 2179 qui
1933 2133 2049 2168 hodie.

418 2195 638 2242 Kote-Gyan
664 2195 900 2241 nuncupatur,
926 2202 1047 2240 estque
1073 2195 1111 2228 in
1137 2195 1312 2229 comitatu
1337 2194 1445 2229 Bihar
1470 2195 1566 2228 situs.
1599 2193 1778 2228 Ecclesiae
1815 2203 1880 2227 seu
1918 2192 2044 2238 templi

419 2256 479 2291 hic
505 2255 696 2290 memorati
723 2254 848 2288 rudera
874 2253 1018 2288 saeculo
1045 2252 1171 2287 XVIII.
1199 2253 1317 2287 adhuc
1342 2264 1476 2299 magna
1503 2252 1831 2297 conspiciebantur.
1865 2251 2045 2298 Bunyitay

419 2326 452 2350 o.
480 2326 509 2350 c.
535 2314 577 2349 ΙΙ.
603 2312 683 2357 416.
710 2313 868 2348 Ramum
893 2313 1010 2358 stIrpis
1036 2311 1125 2354 Pok,
1153 2312 1196 2346 ad
1222 2323 1333 2358 quem
1357 2312 1416 2347 hic
1442 2319 1663 2347 memoratus
1703 2311 1823 2346 ‹Pulo
1864 2311 2043 2357 pertinere

417 2374 567 2415 videtur,
593 2374 631 2408 in
657 2373 804 2419 regione
830 2372 898 2406 hac
923 2372 1114 2415 habitasse,
1134 2379 1285 2406 constat.
1306 2371 1547 2417 Kardesonyi:
1566 2371 1599 2405 A
1619 2381 1769 2417 magyar
1790 2369 2044 2415 nemzetsegek

417 2435 598 2468 tortenete
622 2433 664 2467 ΙΙ.
689 2440 865 2475 444—45.

559 2492 573 2512 ³
600 2492 714 2538 Supra
740 2502 793 2526 nr.
823 2500 900 2536 347.

558 2552 573 2573 4
597 2551 695 2585 Infra
720 2562 772 2585 nr.
802 2560 879 2596 379.

559 2610 572 2630 ⁵
597 2610 729 2645 Recte:
755 2609 953 2645 Michaelis.

560 2669 573 2689 ὃ
597 2669 729 2705 Recte:
756 2669 891 2715 hydriis
918 2669 1120 2704 cerevisiae.
