2170 3210
1717 186 1785 223 273

135 335 292 366 omnes
336 319 614 379 impetierunt
656 332 735 377 pro
781 317 1027 362 concivibus
1073 318 1170 362 suis.
1209 317 1273 362 Illi
1305 329 1449 362 autem
1481 317 1694 374 dixerunt,
1739 335 1786 364 se

141 407 236 437 esse
267 391 426 437 liberos
458 403 503 437 et
534 391 648 436 filios
688 390 940 448 hospituml
980 390 1254 434 Boemorum.
1300 390 1503 445 Quorum
1546 391 1787 437 libertatem

137 479 237 510 cum
268 475 465 509 tenerent
498 464 641 508 Ruska
673 462 726 507 de
757 461 855 506 villa
887 461 1068 506 Simon2
1104 472 1148 506 et
1178 462 1342 506 Nuuhu
1375 462 1428 507 de
1449 463 1665 521 praedicta
1687 464 1782 509 villa

138 536 357 590 Mochule‚
387 535 699 594 praenominati
750 545 986 579 castrenses
1030 533 1240 588 dixerunt,
1290 535 1408 592 ipsos
1461 550 1632 595 quoque
1684 551 1786 580 suos

136 624 233 654 esse
265 608 478 653 concives.
512 607 714 662 Quorum
752 621 922 651 causam
953 605 1116 650 iudices
1161 621 1184 650 a
1229 621 1330 664 rege
1375 606 1547 651 Andrea
1591 607 1790 667 delegati,

136 681 315 734 scilicet,
344 680 541 725 Thomas
573 680 807 738 episcopus,
839 679 980 723 Pousa
1015 678 1157 732 banus,
1180 678 1373 736 Symeon
1396 694 1557 733 comes,
1587 695 1663 738 per
1695 681 1788 739 pri-

138 752 325 798 staldum
357 752 548 798 Gutman
579 751 632 796 ad
663 767 843 796 examen
874 750 975 795 ferri
1007 750 1226 795 candentis
1259 751 1467 795 miserunt
1489 751 1786 807 Waradinum,

138 837 187 870 ut
218 825 396 884 praefati
426 824 669 869 libertatum
702 823 953 868 defensores
985 822 1177 881 judiciale
1209 822 1371 867 ferrum
1404 838 1483 881 pro
1529 839 1574 868 se
1618 836 1662 869 et
1705 839 1785 883 pro

139 896 234 951 illis,
266 912 376 957 quos
409 896 566 941 liberos
599 911 694 940 esse
726 895 1010 949 decertabant,
1042 906 1275 953 portarent.
1312 895 1415 949 Quo
1451 910 1548 939 cum
1569 896 1788 941 venissent

136 980 313 1028 peracto
345 968 546 1013 triduano
579 968 749 1026 jejunio,
779 966 983 1026 praedicti
1014 978 1182 1011 actores
1217 967 1435 1011 candentis
1471 967 1571 1012 ferri
1614 968 1789 1013 subter-

140 1041 291 1099 fugere
307 1039 524 1093 iudicium,
558 1039 763 1095 dicentes,
796 1038 914 1098 quod
946 1053 1099 1083 omnes
1129 1039 1479 1096 praenominatos
1518 1040 1788 1085 adversarios

138 1127 292 1158 eorum
325 1113 478 1171 injuste
510 1126 590 1170 pro
624 1111 868 1156 concivibus
901 1111 986 1155 suis
1017 1111 1315 1169 impetiissent.

770 1253 846 1300 Nr.
883 1267 979 1312 317.
1015 1254 1155 1313 (368.)

287 1339 471 1383 Humilis
504 1349 745 1383 conventus
790 1337 995 1382 ecclesiae
1042 1337 1331 1383 Waradiensis
1376 1339 1573 1384 omnibus
1617 1353 1787 1386 sanctae

142 1410 347 1456 ecclesiae
380 1410 479 1456 filiis
510 1421 730 1455 aeternam
771 1410 954 1454 salutem
984 1410 1028 1454 in
1064 1410 1268 1455 Domino,
1302 1411 1582 1456 Universitati
1619 1424 1789 1458 vestrae

138 1494 295 1527 notum
316 1482 507 1536 facimus,
530 1481 647 1542 quod
666 1497 778 1526 anno
802 1481 1055 1526 Dominicae
1082 1482 1389 1528 Incarnationis
1421 1484 1536 1529 mille
1560 1483 1648 1530 CC.
1670 1486 1788 1532 XXI.

142 1570 240 1600 cum
272 1566 386 1600 esset
429 1554 618 1600 edictum
660 1570 684 1598 a
730 1569 831 1612 rege
877 1552 1064 1607 Andrea,
1114 1554 1230 1613 quod
1283 1565 1420 1600 terrae
1471 1568 1724 1612 castrorum,
1768 1574 1791 1603 a

140 1642 399 1686 quocunque
443 1626 657 1671 violenter
703 1637 950 1684 occupatae,
995 1627 1141 1670 castris
1186 1627 1513 1673 restituerentur
1557 1628 1791 1684 Tiburtio‚³

145 1698 285 1756 Gyula
317 1711 360 1743 et
392 1699 516 1744 Helia
548 1697 776 1743 comitibus
809 1714 832 1742 a
863 1698 1056 1756 praefato
1090 1714 1192 1757 rege
1225 1699 1268 1743 in
1290 1699 1491 1757 parochia
1525 1701 1790 1747 Bichoriensi

139 1770 362 1828 delegatis,
392 1770 537 1815 villani
569 1770 621 1815 de
653 1771 802 1815 Vruz⁴=
836 1782 879 1815 et
911 1770 963 1814 de
996 1770 1172 1815 Kolond
1204 1783 1246 1815 et
1279 1771 1331 1815 de
1365 1771 1578 1829 Gontoy‚5
1610 1774 1789 1833 coadju-

144 1842 342 1887 vantibus
388 1841 580 1887 eiusdem
637 1843 762 1887 castri
816 1842 1156 1900 ioubagionibus,
1211 1843 1371 1888 scilicet
1427 1843 1552 1901 Luca,
1598 1847 1791 1905 principe

140 1914 369 1969 exercitus,
425 1914 648 1973 Tegeegu,
703 1914 837 1959 Paulo
898 1926 940 1958 et
993 1914 1096 1968 aliis,
1139 1915 1415 1974 impetierunt
1465 1918 1577 1963 filios
1625 1919 1791 1963 Bocion

144 1986 303 2031 scilicet
325 1986 579 2045 Georgium,
602 1986 863 2044 Gylianum⁶
887 1997 930 2030 et
952 1986 1058 2030 alios
1081 2002 1233 2032 omnes
1257 1987 1472 2034 dicentes:
1496 1989 1610 2050 quod
1633 2002 1791 2035 terram

145 2058 271 2102 castri
302 2057 355 2102 ad
386 2058 502 2116 ipsos
534 2058 822 2116 pertinentem
853 2058 1007 2115 injuste
1031 2072 1321 2117 occupassent.
1342 2061 1406 2106 Illi
1438 2074 1583 2107 autem
1604 2077 1791 2121 respon-

143 2128 298 2174 derunt
330 2129 512 2175 eandem
544 2141 702 2175 terram
736 2142 831 2174 esse
863 2129 941 2173 sibi
973 2129 1299 2176 haereditariam
1331 2145 1373 2177 et
1411 2133 1496 2178 hoc
1538 2134 1791 2179 testimonio

144 2201 552 2260 conprovincialium
584 2201 887 2260 probaverunt.
918 2202 1237 2248 Praenominati
1268 2205 1409 2265 itaque
1442 2205 1601 2250 iudices
1623 2217 1791 2250 utram-

140 2288 227 2332 que
258 2285 423 2332 partem
453 2288 530 2332 per
561 2273 824 2332 pristaldum,
856 2274 1035 2318 nomine
1067 2274 1283 2320 Andream
1306 2276 1359 2321 de
1382 2277 1524 2332 Pulos,
1547 2277 1794 2322 direxerunt

291 2404 303 2426 ¹
328 2406 369 2442 In
397 2406 559 2442 editione
585 2407 748 2453 principe
774 2417 951 2442 erronee:
979 2407 1140 2455 hospitis.

289 2465 303 2486 ²
329 2467 487 2514 Simony
513 2478 626 2514 pagus
652 2479 766 2515 prope
793 2467 979 2515 Hangony
1005 2468 1043 2503 in
1070 2479 1166 2504 com.
1195 2467 1349 2504 Gomor.

291 2526 305 2547 ³
330 2527 370 2562 In
397 2527 559 2563 editione
585 2527 747 2575 principe
774 2538 950 2563 erronee:
977 2527 1178 2565 Tiburtius.

291 2586 306 2607 ⁴
332 2586 437 2622 Olim
463 2586 593 2623 Oroszi
619 2599 742 2634 pagus,
769 2600 866 2623 nunc
892 2587 1080 2635 praedium
1105 2599 1216 2635 penes
1244 2588 1388 2636 Gyapji'i
1415 2590 1454 2624 in
1481 2600 1577 2625 com.
1604 2589 1724 2626 Bihar.

293 2646 307 2667 ⁵
333 2646 479 2694 Gyzinte
506 2647 694 2693 praedium
720 2649 758 2683 in
784 2648 968 2684 vicinitate
994 2648 1122 2695 prioris
1148 2650 1232 2696 pagi
1257 2661 1364 2696 supra
1391 2661 1443 2685 nr.
1472 2659 1552 2695 235.

293 2706 308 2726 ⁶
335 2706 451 2753 Supra
478 2719 532 2743 nr.
563 2718 616 2753 51,
642 2711 723 2751 274.

1609 2781 1649 2816 18
