2170 3210
428 146 491 182 182

422 303 499 331 eos
530 303 605 345 per
635 285 895 344 pristaldum‚
925 287 1098 330 nomine
1131 288 1248 344 Bocy
1280 287 1331 331 de
1352 287 1451 342 villa
1472 288 1623 340 Boscu,
1642 289 1757 331 misit
1773 288 2053 332 Waradinum

421 358 475 402 ad
505 374 684 403 examen
715 357 815 402 ferri
846 358 1074 414 candentis,
1105 358 1175 402 ubi
1204 358 1380 416 praefati
1411 359 1567 415 Vanoy
1600 370 1642 402 et
1674 359 1814 416 Bocya
1839 375 1885 403 se
1918 375 2048 404 reco-

423 441 677 487 gnoscentes
710 445 856 474 coram
884 429 1087 487 pristaldo
1117 441 1160 474 et
1181 429 1434 483 Theodoro,
1451 430 1525 488 qui
1551 429 1655 474 dixit
1675 446 1721 474 se
1740 431 1832 474 vice
1852 431 2054 488 Keuerug

423 501 740 558 hudunogionis
772 512 815 545 et
846 501 989 545 Kereu
1019 500 1284 559 ioubagionis
1319 502 1503 556 venisse,
1525 516 1671 545 coram
1692 501 1874 559 capitulo
1896 502 2054 546 Wara-

423 572 558 616 diensi
591 572 776 616 confessi
806 584 918 626 sunt,
949 573 1034 616 iam
1066 572 1225 616 dictum
1255 573 1441 616 Hereust
1471 572 1623 616 iniuste
1662 571 1714 617 de
1759 572 1908 618 ordine
1952 573 2053 617 iou-

423 644 654 701 bagionum
685 643 828 687 Sancti
857 644 984 701 Regis
1017 644 1240 702 expulisse.

1060 793 1136 838 Nr-
1170 807 1236 849 79·
1269 791 1412 851 (305)

562 875 750 927 Vtcund,
780 886 950 932 portato
982 875 1112 928 ferro,
1144 886 1293 919 contra
1324 874 1557 920 dominum.
1590 874 1770 928 Rodam,
1807 873 2054 919 combustus

424 958 499 995 est,
532 946 668 990 iudice
701 946 874 990 domina
905 946 1097 990 Eufemia
1129 958 1171 990 et
1201 946 1404 1004 pristaldo
1436 946 1575 990 Tica.1

1061 1108 1137 1152 Nr.
1172 1108 1239 1150 80.
1274 1106 1419 1166 (306.)

563 1191 699 1235 Miros
750 1191 801 1235 de
850 1191 948 1235 villa
992 1192 1135 1248 Dereg
1179 1191 1360 1247 impetiit
1404 1189 1667 1233 conuillanos
1712 1205 1826 1243 suos,
1870 1190 2054 1235 scilicet:

425 1262 558 1315 Elam,
589 1263 839 1307 Poznanum
872 1274 915 1306 et
947 1262 1171 1313 Enderem,
1202 1263 1306 1306 item
1339 1261 1390 1305 de
1424 1261 1519 1304 villa
1551 1260 1718 1305 Vndou·
1741 1262 1974 1306 Martinum
2013 1274 2056 1306 et

425 1333 477 1377 de
509 1333 606 1377 villa
638 1333 779 1377 Fodot
809 1334 940 1377 Sumb
973 1345 1016 1377 et
1047 1334 1238 1391 Scegam.
1269 1333 1455 1390 Impetiit
1484 1343 1628 1376 autem
1650 1332 1701 1376 de
1722 1331 1879 1377 duabus
1902 1335 2056 1378 marcis

425 1417 467 1448 et
499 1404 682 1457 dimidia,
711 1404 850 1449 iudice
882 1406 1004 1458 Basu,
1035 1405 1179 1449 curiali
1223 1405 1380 1448 comite
1426 1403 1477 1447 de
1522 1403 1635 1457 Cius,
1679 1403 1880 1461 pristaldo
1925 1405 2054 1448 Loka.

425 1476 575 1528 Miros,
606 1488 778 1533 portato
812 1476 940 1530 ferro,
970 1476 1218 1520 iustificatus
1252 1487 1330 1519 est.

1062 1635 1135 1678 Nr.
1170 1636 1238 1679 81.
1270 1634 1414 1693 (307.)

562 1718 713 1761 Pomel
745 1717 797 1762 de
829 1717 927 1761 villa
958 1718 1170 1774 Peche1y2
1202 1718 1396 1775 impetiit,
1428 1729 1474 1761 ut
1506 1718 1727 1775 pristaldus
1751 1717 1866 1771 dixit,
1887 1719 2055 1762 conuil-

423 1789 543 1832 Ianos
575 1804 689 1841 suos,
720 1788 902 1833 scilicet:
935 1789 1139 1842 Domum,
1171 1800 1214 1832 et
1245 1788 1487 1846 Tumpam³
1519 1800 1561 1832 et
1591 1789 1706 1832 idem
1738 1789 1791 1833 de
1814 1789 1910 1833 villa
1932 1789 2054 1833 Saicu

426 1861 574 1903 Basam
605 1875 683 1917 pro
716 1860 949 1915 latrocinio,
985 1859 1192 1904 iudicibus
1237 1859 1373 1917 Tupa,
1418 1859 1561 1904 curiali
1604 1861 1777 1913 comite,
1821 1872 1863 1904 et
1906 1860 2055 1904 Ruben

424 1931 557 1975 biloto
586 1931 638 1974 de
671 1932 846 1985 Crazna,
877 1930 1079 1988 pristaldo
1113 1931 1294 1976 Andrea.
1327 1933 1430 1975 Basa
1451 1944 1494 1975 et
1518 1932 1683 1975 Domus
1711 1931 1924 1975 iustificati
1945 1943 2055 1983 sunt,

425 2002 540 2046 ferro
571 2014 758 2059 portato.
789 2002 961 2060 Tumpa
991 2018 1098 2046 vero
1130 2018 1220 2046 non
1250 2003 1367 2046 venit
1397 2003 1438 2045 in
1483 2003 1729 2059 septimana,
1772 2018 1853 2060 qua
1896 2002 2056 2046 ferrum

423 2085 594 2131 portare
617 2064 796 2127 'debuit3
827 2074 902 2117 sed
934 2074 1050 2117 venit
1081 2086 1230 2131 postea
1260 2074 1304 2117 in
1335 2074 1559 2117 Dominica
1591 2073 1656 2116 die
1690 2075 1878 2133 Respz'ce,⁴
1900 2073 2057 2125 dicens,

424 2144 697 2188 iustificatum
729 2156 825 2188 ante
858 2145 1016 2188 iudices
1049 2161 1107 2198 se,
1137 2156 1179 2188 et
1210 2145 1308 2188 ideo
1341 2161 1427 2190 non
1458 2145 1636 2190 venisse.

569 2304 579 2325 ¹
606 2306 673 2339 Hic
698 2306 804 2351 igitur
828 2306 955 2340 eadem
982 2317 1097 2346 causa,
1124 2317 1214 2352 quae
1240 2316 1343 2351 supra
1371 2317 1422 2340 nr.
1451 2316 1490 2350 75
1520 2304 1624 2350 (301)
1650 2305 1776 2340 litteris
1803 2306 1973 2340 mandata
1991 2314 2056 2347 est,

436 2372 558 2400 terum
590 2365 752 2399 refertur.

567 2423 580 2442 ‘²
606 2424 712 2458 Nunc
739 2423 888 2469 Pecsely
914 2424 951 2458 in
977 2435 1061 2459 corn
1086 2425 1252 2459 Kraszna.

568 2482 581 2502 ³
608 2483 716 2518 Conf.
743 2494 796 2518 nr.
824 2493 869 2528 74
892 2482 994 2527 (alias
1024 2486 1115 2527 300).

567 2543 581 2562 ⁴
608 2542 701 2576 Idest
726 2542 757 2576 8.
785 2542 842 2577 die
869 2553 920 2577 nr.
946 2541 1052 2586 Junii.
