2170 3210
451 159 520 202 284

453 300 609 354 dicenS,
642 300 758 359 quod
790 301 959 359 quidam
990 302 1096 347 liber
1127 284 1276 356 homo,
1307 304 1482 348 nomine
1515 305 1736 363 Kehemen,
1767 306 1879 351 filius
1922 307 2080 366 Wgni1

453 387 548 415 eam
580 372 658 416 sibi
688 371 955 418 vendidisset.
990 374 1078 427 Qui
1111 390 1206 418 cum
1230 374 1432 419 adductus
1456 388 1551 420 ante
1573 376 1767 431 iudicem,
1789 377 1968 422 eandem
1988 390 2079 423 ter-

452 458 539 486 ram
575 443 713 487 eidem
744 444 929 488 Nicolao
963 445 1260 489 archidiacono
1293 462 1338 490 se
1371 447 1609 491 vendidisse
1653 463 1742 492 non
1784 460 1975 507 negaret,
2005 450 2081 496 sed

455 529 549 557 eam
581 514 906 559 haereditariam
939 515 1016 559 sibi
1047 528 1254 560 astrueret
1287 529 1542 573 constanter,
1573 519 1709 563 iussus
1744 532 1806 564 est
1838 536 1861 564 a
1892 520 2079 578 praefato

451 585 588 629 iudice
606 585 764 630 ferrum
779 586 961 631 candens
977 599 1124 631 contra
1138 601 1402 633 memoratos
1417 601 1650 634 castrenses
1664 591 1881 636 Waradjni
1899 603 2082 649 portare,

454 672 538 714 quo
571 668 759 714 portato,
789 657 1036 702 iustificatus
1071 671 1144 704 est.

1078 814 1152 859 Nr.
1188 829 1284 872 343.
1318 813 1462 874 (250.)

595 894 846 951 Stephanus,
878 894 929 939 de
963 896 1057 939 villa
1089 896 1274 953 Thepa‚2
1306 897 1416 954 cepit
1461 912 1633 941 servum
1678 912 1802 941 suum
1843 898 2082 956 fugitivum,

451 965 627 1008 nomine
658 966 914 1020 Morodeku,
946 966 1056 1024 apud
1088 968 1267 1011 Bensam
1300 967 1351 1011 de
1383 968 1481 1011 villa
1511 968 1659 1013 Tura.3
1705 968 1794 1022 Qui
1831 969 1964 1015 Bensa
2008 985 2080 1014 re-

451 1035 623 1092 spondit
656 1036 838 1080 eundem
870 1053 1040 1081 servum
1072 1038 1200 1082 fuisse
1233 1039 1394 1082 sororis
1426 1055 1539 1093 suae,
1570 1055 1782 1084 novercae
1813 1040 1942 1098 ipsius
1980 1041 2080 1085 Ste-

450 1107 577 1164 phani
609 1122 755 1151 coram
787 1108 951 1151 arbitris
983 1109 1165 1153 scilicet:
1200 1110 1431 1154 Dominico
1454 1111 1610 1154 comite
1647 1122 1690 1155 et
1712 1111 1846 1156 Belus.
1880 1111 1964 1156 Sed
1984 1127 2081 1156 cum

450 1189 600 1221 neutra
619 1192 714 1235 pars
737 1178 952 1222 sufficiens
972 1180 1267 1224 testimonium
1288 1192 1434 1238 posset
1455 1181 1677 1235 adducere,
1698 1183 1906 1226 nominati
1923 1183 2080 1228 iudices

449 1263 526 1305 per
569 1249 828 1305 pristaldum,
872 1251 1047 1294 nomine
1101 1251 1336 1306 Albertum,
1383 1252 1432 1296 ad
1484 1268 1663 1297 examen
1697 1253 1813 1303 ‚ferri
1865 1253 2081 1299 candentis

450 1320 656 1363 miserunt
702 1321 993 1374 Waradinum,
1037 1321 1104 1365 ubi
1149 1322 1241 1366 talis
1286 1324 1398 1367 inter
1442 1339 1517 1367 eos
1565 1324 1672 1368 facta
1718 1336 1782 1368 est
1838 1326 2082 1380 conventio,

451 1390 567 1449 quod
598 1391 809 1448 praefatus
852 1392 1089 1450 Stephanus
1133 1394 1325 1452 praefato
1368 1396 1504 1439 Bensa
1547 1396 1664 1439 daret
1708 1396 1859 1454 viginti
1902 1407 1944 1441 et
1994 1397 2079 1441 duo

449 1462 650 1520 pondera,
683 1464 818 1507 Bensa
849 1479 954 1508 vero
987 1476 1029 1508 et
1059 1481 1233 1510 servum
1264 1465 1489 1524 fugitivum
1521 1467 1728 1521 redderet,
1771 1480 1814 1512 et
1860 1468 1987 1512 nichil
2027 1468 2080 1512 de
2140 1461 2142 1463 ’

452 1534 710 1591 cognatione
742 1535 853 1578 servi
884 1535 992 1579 illius
1026 1551 1048 1579 a
1082 1536 1300 1594 Stephano
1332 1538 1576 1596 requireret.

1042 1690 1119 1735 Nr.
1154 1705 1249 1748 344.
1282 1690 1429 1751 (251.)

591 1770 765 1814 Marcha
809 1771 860 1815 de
906 1773 1031 1829 Scylii
1081 1775 1267 1831 impetiit
1311 1775 1480 1819 Dedum
1531 1776 1583 1820 de
1627 1776 1724 1820 villa
1775 1776 1957 1835 Thepa4
2001 1791 2079 1834 pro

451 1840 707 1884 clandestina
745 1843 1013 1890 traductione
1058 1845 1241 1890 duorum
1285 1862 1508 1890 servorum
1546 1849 1690 1905 ipsiUS,
1735 1848 1963 1892 valentium
2006 1863 2081 1892 sex

450 1927 625 1965 marcas,
657 1927 802 1957 coram
834 1915 1064 1973 Stephano,
1096 1919 1254 1962 comite
1286 1918 1338 1962 de
1370 1918 1571 1965 Zobolch.
1605 1919 1695 1972 Qui
1735 1918 1962 1963 discutiens
2006 1934 2081 1963 eos

451 1991 566 2034 misit
599 1991 650 2036 ad
683 1987 993 2032 examen.ferri
1033 1989 1248 2033 candentis
1291 1989 1582 2043 Waradinum,
1626 1990 1696 2034 ubi
1737 1990 2081 2048 praenominatus

450 2063 611 2119 Dedus,
640 2075 813 2123 portato
846 2062 974 2116 ferro,
1006 2064 1234 2105 mundatus
1266 2073 1343 2114 est,
1374 2061 1575 2118 pristaldo
1621 2062 1735 2105 Pous
1768 2061 1820 2105 de
1851 2061 1947 2104 villa
1975 2061 2078 2104 Paul

452 2136 671 2180 existente.

596 2303 606 2322 ¹
635 2303 778 2338 Rectius
804 2302 949 2349 Ugrini3
976 2302 1110 2337 solutio
1138 2302 1237 2336 enirn
1264 2309 1371 2335 notae
1398 2300 1689 2346 compendiariae
1726 2301 1764 2334 in
1790 2299 1948 2334 editione
1986 2300 2080 2345 prin-

454 2364 531 2409 cipe
558 2363 692 2398 omissa
720 2369 785 2397 est.

597 2422 609 2440 ²
637 2421 736 2456 Infra
762 2433 814 2456 nr.
845 2430 922 2466 344.

593 2481 606 2500 ³
632 2479 729 2515 Tura
767 2490 880 2526 pagus
918 2481 956 2514 in
1000 2490 1095 2514 com.
1135 2479 1302 2514 Szabolcs
1341 2490 1359 2512 a
1397 2478 1682 2525 Nyir-Bogdziny
1708 2477 1898 2512 meridiem
1925 2484 1960 2510 et
1986 2477 2079 2511 occi-

452 2541 600 2575 dentem
626 2550 757 2575 versus.

593 2598 607 2618 ⁴
633 2599 747 2645 Supra
773 2610 826 2633 nr.
858 2608 933 2643 343.
