2170 3210
462 140 506 187 78

459 294 662 338 74—104
692 279 969 336 praecessisse
1000 294 1088 323 non
1120 279 1347 337 inopinate,
1384 279 1459 323 sed
1501 280 1596 338 quia
1639 292 1811 341 uterque
1852 282 2069 327 fasciculus

459 365 569 395 anno
608 363 720 407 1214
750 349 839 393 fere
872 349 988 393 diarii
1018 350 1147 393 instar
1179 350 1355 407 scriptus
1387 361 1461 394 est.

593 420 784 464 Stabilito
817 432 1010 477 tempore
1043 420 1336 465 fasciculorum
1369 432 1462 465 test.
1493 436 1555 464 nr.
1590 424 1758 480 69—73
1791 422 2068 482 (295—299)

456 503 499 536 et
531 506 729 550 74—103
769 490 1041 550 (300—329)
1075 491 1274 535 habemus
1307 491 1484 548 regestri
1515 491 1809 536 Varadinensis
1838 494 2068 538 maximum

456 563 769 620 cohaerensque
829 573 1107 619 segmentum.
1174 562 1368 620 Triginta
1429 572 1608 620 quatuor
1671 578 1788 606 casus
1850 564 2067 623 exitusque

455 632 658 676 examinis
689 631 789 675 ferri
830 631 1044 675 candentis
1086 632 1130 675 in
1169 631 1252 675 hoc
1297 644 1519 690 segmento
1562 648 1650 676 non
1689 633 1918 691 interrupta
1960 635 2067 678 serie

454 713 710 755 enarrantur,
741 701 855 760 quod
885 702 929 745 in
959 702 1211 746 testimoniis
1249 702 1427 746 aliorum
1471 718 1678 747 annorum
1722 704 1893 748 minime
1935 719 2065 762 expe-

453 774 535 817 rire
565 773 674 817 licet.

589 844 766 887 Restant
796 842 933 887 adhuc
976 843 1161 887 fasciculi
1201 854 1295 887 test.
1327 858 1389 889 nr.
1440 857 1666 901 104—107
1711 844 1983 903 (287—290)
2025 858 2068 890 et

460 915 681 959 108—111
718 912 990 972 (170—173)
1023 913 1341 959 determinandi.
1725 919 1741 942 ⁸

590 985 760 1027 Annum
810 999 894 1042 quo
946 984 1188 1028 testimonia
1228 984 1380 1028 horum
1425 984 1720 1029 fasciculorum
1766 986 1918 1043 scripta
1960 998 2069 1040 sunt,

453 1055 636 1113 produnt
680 1069 798 1098 casus
840 1054 883 1097 in
921 1065 1014 1098 test.
1055 1070 1115 1099 nr.
1161 1069 1254 1112 104,
1303 1055 1397 1106 108,
1447 1069 1540 1112 109,
1577 1069 1656 1100 110
1689 1067 1731 1100 et
1768 1070 1844 1100 111
1880 1058 2068 1103 enarrati.

455 1127 546 1170 Hos
589 1126 700 1169 enim
747 1125 898 1168 Paulus
939 1140 1083 1169 comes
1135 1125 1299 1169 curialis
1347 1125 1598 1170 Bihariensis
1650 1138 1691 1170 et
1740 1126 1911 1185 quidem
1959 1142 2069 1172 nunc

455 1196 716 1254 singulariter
758 1210 869 1239 nunc
913 1210 1008 1239 cum
1052 1195 1223 1240 bilocho
1256 1196 1382 1240 Cibot
1414 1196 1668 1240 discutiebat.
1700 1197 1747 1240 In
1779 1197 1940 1241 casibus
1970 1209 2067 1244 test.

454 1282 517 1310 nr.
555 1280 636 1323 104
668 1277 710 1309 et
746 1280 827 1310 110
859 1266 985 1309 etiam
1017 1277 1219 1310 executor
1257 1281 1404 1310 causae
1435 1266 1547 1311 idem
1581 1278 1682 1320 erat,
1717 1282 1870 1325 nempe
1911 1268 2069 1316 Aracsi‚

453 1337 548 1394 pagi
592 1338 686 1394 Bojt
729 1336 867 1380 incola
909 1336 1099 1395 (Orochi
1142 1336 1192 1380 de
1231 1336 1327 1380 villa
1359 1336 1526 1396 Boctu).
1568 1337 1719 1381 Paulus
1752 1349 1794 1382 et
1826 1338 1953 1382 Cibot
1984 1337 2068 1383 fine

454 1408 549 1451 anni
576 1420 682 1465 1213
707 1407 830 1450 simul
852 1418 1077 1451 occurrunt
1094 1418 1137 1451 et
1158 1423 1192 1451 a.
1219 1420 1330 1464 1214
1352 1422 1533 1466 quoque,
1561 1407 1757 1452 fasciculo
1790 1408 1975 1452 secundo
2007 1424 2067 1454 nr.

455 1491 560 1535 74—-
579 1492 654 1535 103
682 1488 876 1529 testante,
907 1493 1081 1521 munera
1112 1493 1185 1521 sua
1215 1489 1448 1534 gesserunt.
1478 1478 1527 1521 In
1558 1489 1653 1522 test.
1685 1494 1747 1522 nr.
1786 1493 1865 1535 107
1897 1494 2069 1523 memo·-

454 1559 566 1592 ratur
609 1547 835 1601 Ladislaus,
878 1549 948 1606 qui
991 1563 1043 1591 eo
1075 1560 1266 1605 tempore
1310 1549 1511 1592 comitem
1541 1559 1792 1592 venatorum
1823 1548 2069 1593 bubalorum

458 1619 555 1675 egit.
603 1619 718 1662 Haec
760 1619 922 1662 mentio
964 1634 1095 1677 aeque
1138 1619 1332 1676 congruit
1363 1634 1397 1662 a.
1434 1632 1557 1676 1214,
1587 1634 1687 1662 nam
1718 1635 1751 1664 a.
1789 1633 1893 1677 1213
1934 1619 2069 1664 adhuc

456 1688 607 1732 Paulus
650 1689 734 1732 hoc
777 1704 951 1732 munere
994 1689 1256 1746 fungebatur,
1298 1704 1410 1733 anno
1441 1701 1583 1733 autem
1618 1703 1727 1746 1217
1758 1689 1825 1734 hic
1855 1689 2070 1734 Ladislaus

455 1760 539 1802 iam
592 1759 791 1816 magister
852 1774 1087 1817 agazonum
1139 1762 1357 1816 reperitur,
1413 1760 1572 1803 maiora
1626 1760 1830 1817 posthaec
1884 1775 2069 1812 munera,

457 1828 692 1885 adepturus.
738 1829 781 1873 Si
824 1845 927 1887 ergo
969 1841 1066 1873 test.
1110 1845 1171 1875 nr.
1220 1843 1299 1886 107
1347 1829 1399 1874 ad
1442 1845 1597 1874 annum
1652 1843 1764 1887 1214
1814 1829 2070 1874 collocamus

455 1899 539 1942 hoc
570 1899 777 1943 curriculo
812 1900 919 1960 vitae
952 1900 1158 1957 magnatis
1190 1900 1313 1943 huius
1346 1900 1526 1944 Ladislai
1558 1912 1652 1957 apte
1685 1901 1896 1944 convenit.

593 1970 625 2012 E
660 1981 756 2014 test.
789 1986 849 2014 nr.
887 1984 965 2027 105
999 1970 1180 2014 stabilire
1212 1971 1341 2014 etiam
1371 1985 1595 2027 possumus
1627 1986 1744 2014 casus
1775 1970 1819 2014 in
1847 1970 1913 2014 his
1940 1970 2067 2014 fasci-

457 2039 556 2083 culis
589 2042 813 2084 contentos
843 2052 941 2098 post
993 2041 1248 2098 completam
1290 2040 1598 2085 hebdomadam
1641 2041 1888 2084 Dominicae
1936 2040 2070 2084 «Ecce

454 2110 597 2153 Deus»
654 2109 762 2153 idest
816 2121 913 2168 post
957 2113 1113 2155 26-am
1167 2109 1277 2154 diem
1321 2111 1413 2155 Iulii
1455 2127 1490 2155 a.
1530 2125 1640 2168 1214
1675 2111 1899 2155 adnotatos
1930 2110 2066 2153 fuisse.

455 2181 586 2224 Recte
614 2179 726 2224 ideo
771 2182 960 2237 oportuit
996 2181 1240 2225 fasciculum
1272 2192 1367 2226 test.
1398 2197 1460 2226 nr.
1499 2195 1726 2238 104—107
1759 2180 1893 2240 (prius
1925 2180 2068 2236 287—

456 2251 559 2306 290)
599 2249 802 2294 fasciculis
846 2267 905 2295 nr.
952 2253 1122 2309 69—73
1170 2250 1443 2310 (295—299)
1482 2263 1524 2294 et
1556 2264 1754 2308 74—103
1790 2249 2068 2309 (300—329)

454 2332 550 2376 post
593 2335 766 2377 ponere,
810 2322 999 2379 quamvis
1030 2322 1072 2364 in
1102 2321 1296 2378 ‚editione
1339 2321 1525 2378 principe
1561 2321 1731 2364 inverso
1765 2321 1911 2364 ordine
1942 2334 2070 2377 prae-

453 2390 699 2446 ponebatur,
732 2390 839 2448 quia‚
889 2402 935 2434 ut
979 2406 1031 2434 ex
1075 2391 1418 2447 praecedentibus
1463 2402 1591 2448 patet,
1623 2402 1716 2436 test.
1760 2406 1821 2435 nr.
1869 2392 2065 2447 69—-103

453 2459 664 2503 mensibus
697 2460 812 2503 Maio
845 2472 886 2503 et
907 2461 1045 2515 Junio,
1064 2461 1306 2504 testimonia
1323 2476 1428 2505 vero
1451 2476 1512 2505 nr.
1542 2475 1769 2519 104—107
1799 2459 2071 2519 (287—290)

456 2544 600 2572 mense
632 2529 739 2573 Iulio
772 2545 806 2573 a.
845 2543 955 2587 1214
987 2531 1220 2589 conscripta
1251 2542 1357 2575 sunt.
